2738 4134
1061 47 1326 177 nepe

542 381 706 426 nonrconn.
842 305 959 510 Vb)
1064 383 1099 440 37

147 516 270 576 iniuriae
285 529 483 594 sequerentur,
501 537 603 577 causas
619 518 763 577 bellorum
779 518 879 578 statuit
894 517 1035 578 excidere.
1073 520 1125 575 Aa

147 631 179 670 se
200 599 320 688 suisque
341 609 424 670 brsus
448 598 573 688 primurn
596 613 721 671 domum
747 632 831 671 suam
855 612 995 683 coercuit,
1018 614 1101 688 quod

58 727 60 731 ’
132 704 293 789 'plerisque
315 707 395 790 haud
417 706 514 764 minus
534 708 659 765 arduum
682 717 835 858 iglfflffl
855 703 1039 783 provinciam
1061 726 1101 765 re·

83 791 132 894 μ’·
146 794 222 876 ςετεζ
271 799 353 858 Nihil
381 819 432 876 per
461 800 580 873 libertos
609 819 768 876 servoque
796 799 934 876 publicae
962 797 1011 872 rei,
1039 819 1099 857 non

59 866 80 927 α
146 891 390 978 εϊυᾶίἰψὶνεῃὶε
411 914 466 952 nec
486 915 521 952 ex
538 893 865 975 commendationeaut
882 893 1100 973 precibrqsscen-

180 969 576 1076 ὤ(ἕρπω.ιῑιῑΙὶῗῑοῖἶρ-ὣεῖἷῑε,
594 990 647 1047 sed
666 987 812 1064 optimum
830 1006 980 1063 quemque
998 986 1100 1045 fidissi-

54 1062 229 1148 vestrim
249 1091 359 1157 putare.
404 1080 514 1142 Omnia
534 1081 614 1154 scire,
633 1101 693 1139 non
712 1080 812 1139 omnia
827 1079 954 1155 exsequi.
1001 1079 1124 1142 Parvisa

146 1174 275 1251 peccatis
299 1138 450 1246 νῶΐ
452 1176 566 1252 magnis
594 1175 778 1256 severitatem
808 1175 1015 1248 commodare3
1044 1194 1100 1232 nec

145 1289 243 1345 poena
266 1289 389 1344 semper,
414 1270 466 1327 sed
491 1269 607 1345 saepius
632 1267 813 1345 paenitentia
837 1279 995 1327 contentus
1021 1287 1085 1326 esse
1092 1288 1100 1340 3

146 1363 249 1436 officiis
260 1374 297 1436 ¹et
317 1362 620 1421 administrationibus
640 1362 738 1438 potius
756 1381 816 1420 non
832 1373 1004 1439 peccaturos
1020 1382 1100 1438 prac-

145 1477 264 1534 ponere,
291 1477 381 1532 quam
407 1458 548 1516 damnare
573 1477 641 1515 curn
667 1467 847 1532 peccassent.
894 1456 1046 1515 Frumenti
1070 1466 1124 1516 eta

145 1549 319 1609 tributorum
340 1550 523 1608 exactionem
538 1551 716 1626 aequalitate
735 1569 890 1640 munerum
910 1549 1031 1622 mollire,
1048 1549 1099 1608 cir-

144 1645 283 1703 cumcisis
305 1665 382 1721 quae
404 1644 434 1702 in
456 1636 613 1720 quaestum
636 1655 750 1721 reperta
769 1644 834 1720 ipso
854 1644 965 1703 tributo
983 1645 1098 1722 gravius

144 1738 356 1797 tolerabantur.
397 1738 549 1814 (Namque
571 1757 623 1814 per
648 1738 807 1797 ludibrium
832 1737 967 1838 adsp'dere
992 1737 1098 1796 clausis

82 1855 90 1870 ¹
167 1832 256 1891 orreis
278 1841 307 1891 et
328 1851 426 1891 emere
448 1833 524 1889 ultro
549 1833 695 1890 frumenta
720 1851 755 1890 ac
776 1806 877 1890 turibii
899 1830 993 1908 pretio
1015 1851 1098 1906 coge-

144 1927 258 1986 bantur.
304 1925 437 1984 Divortia
456 1924 592 1984 itinerum
616 1937 644 1984 et
666 1925 864 2002 longinquitas
884 1925 1038 2001 regionum
1058 1925 1123 1984 int

144 2021 305 2093 dicebatur,
323 2031 355 2078 ut
369 2019 500 2078 civitates
518 2020 657 2096 proximis
672 2019 802 2078 hibernis
817 2019 847 2077 in
863 2031 976 2079 remota
990 2030 1020 2079 et
1034 2019 1098 2078 avia

144 2117 301 2188 deferrent,
322 2116 419 2174 donec
441 2115 523 2189 quod
544 2112 683 2172 omnibus
705 2113 735 2172 in
756 2124 896 2190 promptu
916 2124 977 2172 erat
996 2113 1097 2190 paucis

144 2211 294 2268 lucrosum
310 2206 413 2286 fieret.)

193 2433 366 2503 Campaigm
384 2432 495 2489 several
507 2437 590 2582 είαῖεε
601 2431 728 2582 subdqed
736 2433 797 2486 and
805 2434 919 2487 secured
927 2432 960 2502 by
963 2433 1048 2502 forts.

564 2528 623 2569 nn.
637 2528 678 2584 79.

184 2677 232 2738 20.
257 2679 343 2736 Haec
365 2677 462 2754 primo
483 2676 581 2736 statim
603 2676 930 2754 anno*eomprimendo
951 2675 1120 2753 egregiam

144 2774 253 2831 sarnam
269 2772 334 2848 paci
350 2771 553 2844 circumdedit,
570 2791 646 2847 quae
661 2773 707 2831 vel
725 2771 837 2830 incuria
851 2772 897 2829 vel
912 2770 1097 2829 intolerantia

20 2931 23 2938 ‚
143 2866 273 2943 priorum
296 2866 376 2924 haud
398 2865 496 2923 minus
515 2885 606 2940 quant
625 2865 737 2925 bellum
757 2863 922 2923 timebatur.
967 2865 1025 2922 Sed
1045 2861 1121 2926 ubia

14 2995 15 2998 ¹
51 3020 53 3022 .
143 2970 238 3018 aestas
270 2959 397 3030 advenit,
428 2970 580 3018 contracto
609 2979 643 3018 ex
662 2980 675 3017 r
694 2959 736 3017 itu
768 2961 878 3017 multus
910 2957 940 3015 in
969 2957 1095 3034 agmine,

143 3054 264 3124 laudare
286 3029 471 3124 modiltt'dll,
491 2979 801 3125 disiicidiidddrcerq
824 3053 890 3110 loca
911 3050 1012 3110 castris
1033 3051 1096 3126 ipse

61 3136 256 3275 wapere
264 3148 485 3236 wid-²10
513 3146 598 3206 silvas
627 3147 690 3224 ipse
714 3155 928 3223 praetemptare
934 3167 942 3218 ;
970 3156 999 3204 et
1024 3144 1097 3203 nihil
1158 3177 1252 3256 W

97 3255 101 3262 ·
143 3241 259 3300 interim
278 3242 358 3317 apud
378 3240 470 3300 hostis
490 3241 623 3317 quietum
643 3240 711 3317 pati,
729 3260 789 3316 quo
809 3239 907 3298 minus
926 3221 1320 3311 subitim-ssgrtwrlff

143 3334 277 3394 cursibus
297 3337 498 3413 popularetur;
519 3346 608 3420 atque
628 3335 679 3393 ubi
697 3335 766 3393 satis
781 3343 938 3405 terruerat,
945 3333 1096 3409 parcendo

64 3459 67 3472 ·
131 3413 241 3488 “rrirsiis
256 3427 449 3488 invitamenta
463 3428 543 3504 pacis
559 3415 730 3488 ostentare„
752 3427 869 3502 Quibus
884 3427 971 3486 rebus
987 3429 1119 3485 multaea
1147 3451 1175 3504 rw
1182 3414 1336 3532 merlis*

134 3517 282 3595 ‘civitates
310 3543 386 3600 quae
414 3522 444 3581 in
472 3522 555 3582 illurn
580 3523 660 3583 diem
685 3483 1182 3601 exaeqfflffirarrffl*
1214 3515 1315 3576 2:⁴4⁶·

142 3617 298 3678 obsidibus
318 3617 389 3676 iram
409 3636 543 3694 posuere,
560 3628 589 3677 et
605 3615 758 3693 praesidiis
773 3615 959 3692 castellisque
974 3614 1109 3674 circum

219 3683 379 3808 iffi*
