2738 4134
582 353 745 396 remcort,
1104 355 1137 410 45

187 513 227 585 (2)
241 514 257 543 “
268 515 317 569 We
320 515 400 586 figit
410 519 438 568 to
449 529 517 568 save
528 529 584 568 our
585 513 716 584 familier
724 513 788 572 ,and
796 513 935 567 ourselves
942 513 1024 581 from
1036 513 1138 582 rhome,

256 598 407 665 servitude,
418 598 479 651 and
487 603 626 667 tyrranum
644 597 705 649 and
710 595 755 649 tlte
761 597 899 665 previous
910 596 1051 666 stmggles
1062 597 1140 650 show
1225 621 1232 650 ε

257 682 319 735 that
330 699 373 735 we
384 697 436 734 con
448 680 564 748 succeed,
577 696 610 733 as
622 680 690 733 well
698 697 731 732 as
743 680 805 732 that
816 696 859 732 we
870 681 968 733 must.”

226 802 272 863 31.
300 803 440 863 ‘Liberos
463 801 571 879 cuique
589 821 625 861 ac
644 801 827 879 propinquos
847 821 916 860 suos
933 812 1037 860 natura
1054 801 1162 864 caris-1

185 897 276 956 simos
301 915 367 956 esse
391 894 498 956 voluit:
530 895 561 954 hi
583 914 636 972 per
650 893 874 998 Qalibi
895 894 1027 953 servituri
1046 896 1153 954 aufer-r

185 1000 286 1048 untur:
314 989 456 1066 coniuges
477 1007 660 1065 sororesque,
677 998 766 1047 etiam
786 985 810 1046 si
828 987 965 1046 hostilem
982 986 1136 1046 libidinem

136 1082 332 1160 'effugiant
351 1082 472 1142 nomine
491 1082 655 1143 amicorum
677 1093 767 1158 atque
788 1080 938 1158 hospitum
956 1081 1135 1172 polluuntur.
1238 1102 1247 1110 ·

1181 1117 1294 1282 rc?

116 1181 119 1190 ’
186 1180 270 1236 Bona
291 1179 485 1254 fortunaeque
507 1177 538 1235 in
559 1177 710 1248 tributum,
727 1169 1017 1252 affltqrse‘ffirus
1037 1174 1067 1232 in
1081 1177 1161 1238 fro-s
1257 1143 1329 1240 1⁶1(

184 1281 326 1359 mentum,
357 1289 481 1347 corpora
501 1269 576 1350 *ipsa
607 1289 642 1329 ac
674 1289 779 1328 manus
808 1268 887 1328 silvis
915 1287 949 1328 ac
977 1268 1136 1345 paludibus
1241 1321 1285 1392 ὠ

69 1333 180 1456 M
184 1365 371 1424 emuniendis
395 1364 471 1424 inter
517 1365 618 1474 ebgra
646 1363 904 1515 aqxaecgntumelias
935 1373 1133 1422 conteruntur.
1156 1355 1222 1426 ow

185 1459 263 1516 Nata
292 1458 422 1518 servituti
451 1385 599 1542 ring—illita
623 1476 704 1516 seme
739 1466 877 1529 veneunt,
904 1466 993 1532 atque
1018 1458 1094 1516 ultro
1118 1476 1136 1516 a
1167 1451 1170 1456 ’
1309 1497 1312 1504 ,

183 1551 313 1612 dominis
323 1553 454 1610 aluntur:
471 1550 622 1620 Britannia
633 1551 802 1610 servitutem
813 1570 897 1610 suam
907 1549 1040 1625 quotidie
1055 1551 1134 1624 emit,

184 1646 316 1722 quotidie
328 1645 428 1722 pascit.
463 1647 509 1704 Ac
523 1645 598 1705 sicut
613 1644 642 1703 in
659 1645 768 1703 familia
779 1643 998 1704 recentissimus
1009 1645 1160 1722 quisquea
1271 1604 1331 1700 roffi

183 1759 333 1798 servorum
356 1739 445 1798 etiam
467 1739 615 1798 conservis
637 1737 765 1797 ludibrio
787 1749 839 1810 est,
861 1737 902 1797 sic
923 1737 955 1797 in
976 1740 1034 1798 hoc
1056 1740 1135 1799 orbis
1147 1748 1236 1842 quint<
1254 1719 1281 1804 ‘l

96 1863 98 1870 ·
183 1844 323 1907 terrarum
337 1845 435 1910 vetere
458 1834 600 1894 famulatu
623 1833 692 1906 novi
718 1852 772 1891 nos
793 1842 823 1891 et
844 1832 915 1892 viles
937 1831 967 1891 in
987 1833 1135 1893 excidium

182 1919 330 2004 petimur}
345 1946 443 2003 neque
465 1927 544 1986 enim
559 1947 634 1994 ¹arva
654 1926 739 1986 nobis
757 1937 808 1985 aut
828 1928 946 1986 metalla
964 1937 1014 1986 aut
1033 1938 1135 2003 portus
1143 1934 1277 2078 &W
1289 1891 1360 2009 ὢν,

182 2032 259 2094 sunt,
290 2019 398 2096 quibus
427 2019 597 2080 exercendis
624 2039 813 2080 reservemur.
858 2021 958 2080 Virtus
987 2019 1075 2098 porro
1099 2040 1135 2079 ac
1238 1993 1312 2070 alm

182 2114 290 2174 ferocia
305 2091 870 2191 subiecldfdffiirigraler'irniiefairtibus5
891 2125 920 2172 et
935 2113 1135 2190 longinquitas

70 2195 77 2200 ”
181 2229 217 2268 ac
231 2220 377 2298 secretum
392 2208 489 2284 ipsum
505 2227 565 2284 quo
580 2207 678 2281 tutius,
696 2227 732 2267 eo
747 2207 920 2284 suspectius.
960 2209 1006 2266 Ita
1020 2207 1135 2266 sublata
1155 2187 1264 2282 §wlff

182 2323 234 2379 spe
258 2301 362 2362 veniae
403 2303 511 2361 andem
541 2302 653 2361 sumite
670 2301 811 2375 animum,
839 2313 899 2360 tam
925 2301 1032 2378 quibus
1057 2303 1135 2360 salus

91 2413 98 2420 ·
182 2415 272 2472 quam
287 2396 359 2473 quib
382 2416 395 2455 s
410 2395 501 2473 gloria
516 2395 665 2456 carissima
680 2407 731 2455 est.
770 2395 922 2472 Brigantes
937 2394 1047 2454 femina
1058 2395 1160 2454 duceo
1361 2456 1362 2463 χ

15 2540 20 2550 .
103 2553 105 2557 ,
182 2509 300 2562 exurere
322 2489 479 2562 coloniam,
503 2509 670 2566 expugnare
695 2501 797 2562 castra,
820 2509 855 2548 ac
880 2488 936 2548 nisi
961 2488 1083 2570 felicitas
1105 2488 1135 2547 in
1267 2533 1275 2585 ἶ
1286 2507 1312 2582 5¹⁸,
1361 2509 1365 2524 ⁸

72 2637 99 2670 4
109 2589 174 2649 le(
182 2584 318 2644 socordia
363 2583 504 2656 vertisset,
521 2603 627 2642 exuere
642 2583 742 2660 iugum
758 2592 894 2659 potuere:
917 2602 972 2642 nos
986 2575 1091 2670 integri
1106 2593 1135 2642 et
1133 2641 1153 2691 Q
1162 2594 1198 2672 ΛΞ
1273 2586 1280 2602 “
1299 2647 1313 2671 ,A

52 2671 78 2706 ”²
182 2604 371 2768 indomircet
390 2677 564 2750 libertatem,
584 2697 645 2736 non
663 2675 883 2755 paenitentiam,
900 2645 1134 2756 allaturisprimo
1179 2613 1253 2756 pal-vl¹
1270 2661 1310 2734 “t
1356 2732 1362 2757 ⁸

136 2845 139 2852 Ι
182 2761 280 2831 statim
302 2791 460 2848 congressu
483 2773 684 2858 ostendamuq
701 2790 777 2847 quos
798 2769 854 2829 sibi
876 2768 1040 2832 Caledonia
1056 2769 1134 2829 viros
1243 2757 1253 2782 ⁸

77 2929 79 2936 ,
181 2866 363 2944 seposuerit!
379 2861 528 2980 wel

182 3032 222 3102 (3)
236 3033 252 3061 “
265 3034 321 3088 The
341 3036 451 3088 Roman
473 3051 555 3104 army
573 3035 600 3088 is
620 3052 638 3088 a
657 3050 729 3088 mere
746 3033 947 3103 conglomerate
963 3034 999 3101 of
1012 3033 1134 3099 natabus,

251 3118 317 3187 kept
337 3116 461 3188 together
477 3118 510 3188 by
519 3118 596 3187 sear,
615 3116 677 3171 and
691 3117 756 3170 wz'll
775 3117 842 3170 melt
858 3133 942 3186 away
959 3121 991 3169 at
1007 3115 1053 3170 tlte
1065 3115 1136 3184 first

238 3201 347 3283 *defeat
392 3201 442 3255 We
464 3201 538 3255 trove
561 3201 728 3272 everything
749 3206 778 3253 to
793 3200 872 3270 figit
891 3200 953 3270 for,
977 3199 1039 3270 they
1062 3198 1135 3253 have

251 3285 392 3354 nothtng’

222 3405 269 3467 32.
295 3409 360 3466 ‘An
382 3408 508 3467 eandem
529 3405 674 3466 Romanis
694 3405 726 3464 in
744 3405 823 3464 bello
840 3403 978 3464 virtutem
995 3423 1085 3480 quam
1102 3403 1157 3463 ini

181 3521 255 3579 pace
270 3501 418 3560 lasciviam
430 3501 535 3560 adesse
549 3499 685 3560 creditis?
719 3497 835 3559 Nostris
846 3498 888 3558 illi
899 3497 1133 3558 dissensionibus

181 3616 216 3658 ac
237 3594 393 3662 discordiis
414 3594 484 3658 clari
501 3592 571 3660 vitia
592 3592 721 3659 hostium
741 3591 769 3653 in
788 3591 910 3672 gloriam
927 3590 1071 3657 exercitus
1088 3592 1133 3656 sui
