2738 4134
244 325 282 378 34
641 327 804 368 aonrcocn

246 457 355 516 amissa
375 459 526 519 Britannia
542 461 631 533 foret3
653 480 743 536 quam
757 460 845 520 unius
860 461 963 538 proelii
978 463 1095 521 fortuna
1108 462 1198 521 veteri

246 552 405 628 patientiae
424 542 556 626 restituit,
576 553 746 613 tenentibus
765 575 847 613 arma
866 555 1021 631 plerisque,
1039 541 1113 632 quos
1131 544 1208 614 conss

247 645 369 706 scientia
387 646 562 706 defectionis
582 658 611 706 et
631 641 767 724 proprius
787 668 821 707 ex
841 649 937 725 legato
956 642 1197 726 timoragitabat,

247 758 285 796 ne
303 737 497 816 (quamquam
515 738 646 817 egregius
661 740 770 817 cetera)
786 743 962 818 adroganter
980 743 1009 800 in
1024 742 1143 802 deditos
1161 754 1197 814 et,

222 840 279 890 ³ut
294 852 372 904 suae,
386 833 529 910 cuiusque
544 833 667 893 iniuriae
678 837 755 894 ultor
766 835 868 895 durius
879 838 1053 894 consuleret.
1089 836 1199 896 Missus

247 925 333 1002 igitur
354 927 509 985 Petronius
531 927 720 1004 Turpilianus
741 939 894 1004 tamquam
913 928 1086 992 exorabilior
1104 931 1199 1006 etde·

246 1019 323 1078 lictis
337 1019 467 1077 hostium
483 1039 576 1079 novus
588 1040 684 1097 eoque
698 1021 896 1098 paenitentiae
908 1021 1013 1095 mitior,
1027 1022 1200 1099 compositis

247 1112 392 1188 prioribus
409 1113 482 1172 nihil
500 1116 575 1173 ultra
592 1135 680 1174 ausus
698 1116 849 1192 Trebellio
867 1116 1000 1175 Maximo
1018 1116 1199 1192 provinciam

222 1206 374 1266 atradidit.
419 1208 591 1280 Trebellius
612 1209 728 1284 segnior
749 1220 778 1268 et
800 1210 887 1268 nullis
909 1221 1070 1268 castrorum
1093 1209 1200 1289 experi-

247 1299 362 1373 mentis,
396 1302 537 1360 comitate
569 1304 697 1377 quadam
729 1303 852 1362 curandi
885 1302 1067 1379 provinciam
1096 1303 1197 1362 tenuit
1228 1369 1238 1382 ,
1281 1357 1283 1363 ,

248 1393 464 1453 Didicereiam
484 1395 599 1454 barbari
617 1415 737 1472 quoque
757 1396 910 1472 ignoscere
929 1396 1006 1455 vitiis
1026 1397 1201 1456 blandienti-

247 1486 311 1558 bus,
338 1498 367 1546 et
392 1486 573 1547 interventus
598 1489 727 1548 civilium
753 1509 901 1548 armorum
930 1489 1064 1566 praebuit
1092 1490 1199 1549 iustam

247 1579 388 1657 segnitiae
413 1582 647 1641 excusationem:
676 1583 729 1641 sed
749 1582 903 1642 discordia
931 1583 1104 1655 laboratum,
1131 1603 1200 1642 cum

222 1675 387 1734 oadsuetus
402 1675 640 1751 expeditionibus
655 1674 739 1735 miles
754 1676 816 1735 otio
831 1677 982 1735 lasciviret.
1023 1677 1197 1749 Trebellius

246 1769 315 1845 fuga
325 1789 361 1828 ac
372 1768 490 1828 latebris
502 1769 591 1828 vitata
602 1769 744 1829 exercitus
754 1770 796 1828 ira
805 1769 962 1829 indecorus
972 1779 1061 1846 atque
1070 1770 1197 1842 h'umilis,

246 1862 378 1938 precario
396 1881 465 1921 mox
482 1863 614 1939 praefuit,
631 1882 666 1921 ac
681 1865 760 1922 velut
778 1863 865 1938 pacti,
882 1863 1025 1922 exercitus
1040 1863 1197 1936 licentiam,

223 1956 307 2014 ⁶dux
330 1955 455 2014 salutem
481 1967 585 2028 essent,
612 1954 718 2014 seditio
743 1956 806 2014 sine
830 1955 973 2032 sanguine
999 1957 1085 2015 stetit.
1134 1959 1200 2017 Nec

247 2048 364 2108 Vettius
385 2050 523 2121 Bolanus,
546 2049 734 2108 manentibus
756 2051 854 2108 adhuc
875 2049 1009 2109 civilibus
1029 2050 1121 2124 bellis,
1143 2050 1200 2128 agi-

246 2142 318 2202 tavit
344 2141 525 2200 Britanniam
547 2141 716 2218 disciplina:
745 2144 849 2201 eadem
876 2143 980 2201 inertia
1004 2163 1071 2220 erga
1095 2144 1197 2216 hostiS,

247 2235 349 2294 similis
369 2235 531 2313 petulantia
550 2246 720 2307 castrorum,
738 2235 793 2294 nisi
809 2237 890 2312 quod
908 2235 1052 2296 innocens
1069 2239 1199 2296 Bolanus

247 2341 276 2388 et
300 2329 388 2388 nullis
413 2329 528 2388 delictis
554 2327 664 2388 invisus
689 2330 840 2388 caritatem
865 2342 1016 2407 paraverat
1041 2331 1109 2390 loco
1133 2350 1199 2390 auc·

246 2422 378 2482 toritatis.

228 2626 268 2677 γι-
310 2596 499 2650 Government
509 2597 570 2650 and
578 2601 720 2665 conquests
731 2597 767 2666 of
775 2596 894 2650 Cerialia
905 2596 967 2650 and
975 2597 1139 2652 Frontinus.

627 2681 697 2748 (aa.
712 2681 820 2748 71-77-)

221 2816 236 2858 1
287 2798 332 2860 17.
357 2802 415 2861 Sed
438 2801 489 2860 ubi
510 2813 700 2862 cum·cetero
723 2802 795 2861 orbe
816 2803 1016 2879 Vespasianus
1036 2814 1064 2862 et
1085 2803 1197 2862 Britan-

245 2893 324 2952 niam
344 2894 522 2972 reciperavit‚
545 2896 644 2973 magni
663 2897 763 2970 duces,
785 2896 892 2974 egregii
911 2895 1062 2970 exercitus,
1084 2897 1198 2956 minuta

220 2988 375 3048 abostium
390 3008 464 3065 spes.
500 2992 538 3048 Et
553 3001 691 3048 terrorem
708 2989 806 3050 statim
821 2989 919 3050 intulit
933 2990 1053 3050 Petilius
1065 2991 1195 3064 Cerialis,

245 3081 428 3159 Brigantium
448 3082 605 3157 civitatem,
623 3103 699 3160 quae
716 3083 957 3143 numerosissima
975 3084 1141 3161 provinciae
1156 3095 1198 3143 to-

244 3175 301 3235 tius
321 3176 499 3252 perhibetur,
519 3179 682 3255 adgressus.
727 3180 825 3238 Multa
845 3178 964 3254 proelia,
986 3189 1015 3238 et
1036 3178 1196 3254 aliquando

243 3287 305 3328 non
327 3269 480 3329 incruenta
485 3293 493 3346 3
516 3291 713 3349 magnamque
733 3271 916 3348 Brigantium
938 3282 1052 3348 partem
1071 3283 1122 3331 aut
1140 3271 1197 3331 vic-
1228 3306 1231 3315 ·

219 3362 317 3423 storia
338 3366 489 3439 amplexus
512 3376 555 3424 est
576 3375 627 3424 aut
648 3365 734 3425 bello.
780 3367 819 3424 Et
841 3364 963 3426 Cerialis
985 3365 1106 3441 quidem
1128 3366 1196 3425 alte

243 3456 302 3516 rius
319 3458 495 3517 successoris
513 3478 613 3518 curam
631 3460 800 3535 famamque
817 3458 976 3518 obruisset:
999 3458 1196 3535 sustinuitque

243 3552 354 3624 molem
377 3551 470 3612 Iulius
492 3551 658 3634 Frontinus,
681 3553 724 3612 vir
749 3573 881 3638 magnus,
908 3562 1053 3638 quantum
1078 3552 1192 3634 licebat,
