2738 4134
245 288 277 358 58
561 351 564 356 Δ
639 301 805 343 rumcom.

244 453 290 505 He
301 453 381 506 lived
392 457 442 506 not
456 458 484 506 to
500 469 542 506 see
557 453 602 506 tlte
618 453 733 506 horrors
745 453 780 521 of
789 452 959 506 Domitzbn’s
975 454 1031 506 last
1039 469 1125 522 years
1139 455 1201 507 and

435 536 481 589 tlte
493 535 618 604 terrzfied
626 535 793 588 submissiora
805 536 841 604 of
846 534 891 588 tlte
902 541 1000 588 senate.

217 681 233 727 1
282 667 330 728 45.
354 670 425 728 Non
449 669 522 729 vidit
547 669 685 745 Agricola
707 669 859 750 obsessam
881 669 992 728 curiam
1013 680 1042 728 et
1062 667 1196 730 clausum
1257 747 1259 749 Ι

242 763 330 821 a‘rmis
345 771 481 822 senatum
500 771 529 822 et
551 765 657 823 eadem
679 773 774 839 strage
795 773 839 822 tot
861 763 1059 822 consularium
1079 765 1194 836 caedeS,

242 865 287 915 tot
315 855 565 915 nobilissimarum
597 855 772 915 feminarum
808 855 893 915 exilia
921 867 949 915 et
978 859 1068 933 fugas.
1126 859 1197 917 Una

242 951 343 1008 adhuc
353 949 474 1008 victoria
486 951 579 1010 Carus
596 949 707 1008 Metius
719 949 901 1022 censebatur,
914 960 944 1009 et
958 949 1032 1008 intra
1047 950 1196 1009 Albanam

243 1063 340 1102 arcem
362 1043 507 1102 sententia
531 1041 684 1102 Messalini
709 1043 865 1118 strepebat,
889 1054 918 1102 et
945 1046 1045 1103 Massa
1067 1043 1196 1103 Baebius

243 1136 302 1195 iam
326 1148 390 1195 tum
413 1156 479 1196 reus
502 1148 576 1196 erat:
605 1157 675 1196 mox
695 1147 812 1195 nostrae
834 1138 944 1196 duxere
967 1137 1142 1196 Helvidium
1165 1137 1196 1195 in

242 1250 389 1290 carcerem
405 1250 524 1306 manus3
545 1250 600 1289 nos
616 1229 784 1289 Mauricum
799 1231 1017 1307 Rusticumque
1032 1230 1194 1304 divisimuS,

219 1344 298 1388 anos
323 1323 475 1383 innocenti
500 1323 643 1401 sanguine
664 1325 790 1384 Senecio
812 1315 948 1401 perfudit.
993 1325 1073 1383 Nero
1096 1336 1196 1384 tamen

243 1418 385 1477 subtraxit
410 1420 512 1488 oculos
538 1438 606 1477 suos
638 1418 781 1494 iussitque
806 1419 923 1490 scelera,
951 1438 1011 1477 non
1040 1419 1196 1494 spectavit:

244 1512 401 1588 praecipua
422 1513 478 1571 sub
501 1511 675 1571 Domitiano
696 1511 879 1572 miseriarum
897 1531 963 1588 pars
978 1523 1038 1571 erat
1053 1512 1152 1572 videre
1167 1523 1196 1573 et

243 1605 343 1682 aspici,
366 1625 435 1665 curn
457 1605 581 1682 suspiria
605 1616 705 1665 nostra
730 1606 992 1677 subscriberentur,
1016 1626 1085 1665 cum
1106 1607 1197 1665 deno-

244 1699 341 1759 tandis
356 1711 399 1758 tot
414 1699 570 1759 hominum
585 1699 746 1776 palloribus
761 1700 906 1760 sufficeret
921 1719 1024 1759 saevus
1039 1699 1088 1759 ille
1099 1702 1197 1759 vultus

244 1804 274 1851 et
288 1794 384 1866 rubor,
401 1813 461 1869 quo
477 1812 508 1852 se
523 1805 626 1852 contra
639 1793 786 1870 pudorem
802 1791 961 1852 muniebat.

320 1987 433 2040 Tacitus
444 1991 549 2056 regrets
564 1984 609 2039 his
621 2002 685 2038 own
698 1979 759 2038 and
766 1983 812 2038 his
823 1986 911 2054 wzJ‘e's
922 1986 1032 2039 absence
1034 1986 1117 2056 from

616 2069 662 2122 tlte
674 2067 823 2121 death-bed.

221 2219 235 2263 a
284 2206 333 2263 Tu
347 2223 416 2263 vero
432 2204 507 2277 felix,
524 2203 669 2281 Agricola,
686 2223 747 2262 non
757 2203 839 2263 'vitae
858 2213 974 2262 tantum
989 2203 1126 2276 claritate,
1144 2206 1197 2264 sed

245 2297 334 2356 etiam
353 2298 573 2375 opportunitate
592 2295 702 2356 mortis.
747 2298 790 2357 Ut
811 2296 968 2373 perhibent
989 2296 1040 2372 qui
1061 2297 1198 2357 interfue-

245 2403 313 2450 runt
327 2392 494 2452 novissimis
509 2390 695 2451 sermonibus
710 2390 776 2463 tuis,
793 2402 933 2450 constans
948 2401 977 2450 et
995 2391 1090 2451 libens
1103 2393 1196 2450 fatum

245 2486 393 2562 excepisti,
404 2497 556 2563 tamquam
569 2505 621 2562 pro
630 2484 704 2544 virili
714 2484 851 2562 portione
862 2484 1063 2543 innocentiam
1072 2484 1196 2561 principi

145 2625 150 2630 .
220 2582 379 2640 edonares.
431 2582 491 2640 Sed
516 2579 589 2639 mihi
617 2579 754 2655 filiaeque
779 2578 841 2638 eius
866 2590 980 2655 praeter
1006 2577 1196 2637 acerbitatem

244 2674 373 2750 parentis
402 2673 494 2750 erepti
521 2683 608 2754 auget
637 2671 821 2747 maestitiam,
849 2673 931 2748 quod
959 2670 1095 2731 adsidere
1123 2674 1196 2731 vale-

245 2767 350 2841 tudini,
367 2769 465 2828 fovere
480 2767 677 2842 deficientem,
694 2766 791 2826 satiari
806 2767 888 2824 vultu
904 2767 1121 2842 complexuque
1135 2785 1197 2824 non

245 2861 376 2938 contigit.
421 2861 648 2939 Excepissemus
673 2869 751 2920 certe
780 2861 920 2919 mandata
944 2879 1099 2935 vocesque,
1123 2879 1197 2936 quas

221 2955 362 3033 openitus
390 2955 491 3015 animo
513 2957 678 3032 figeremus,
732 2955 842 3014 Noster
866 2952 915 3013 hic
942 2954 1035 3025 dolor,
1062 2963 1197 3014 nostrum

245 3052 352 3110 vulnus
358 3048 494 3124 ;—nobis
522 3059 583 3108 tarn
611 3050 717 3125 longae
743 3047 896 3107 absentiae
923 3045 1101 3108 condicione
1128 3056 1197 3106 ante

222 3143 474 3222 oquadriennium
497 3143 622 3202 amissus
645 3153 697 3202 est.
741 3142 852 3203 Omnia
874 3140 938 3201 sine
960 3140 1061 3212 dubi0‚
1085 3140 1197 3216 optime

246 3248 409 3316 parentum,
421 3237 579 3297 adsidente
592 3235 795 3296 amantissima
805 3255 896 3296 uxore
907 3236 1076 3311 superfuere
1091 3233 1197 3293 honori

246 3343 311 3392 tuo:
332 3331 521 3408 paucioribus
535 3341 635 3390 tamen
650 3329 777 3389 lacrimis
792 3329 991 3404 comploratus
1005 3346 1045 3399 eS,
1057 3336 1087 3386 et
1102 3325 1198 3386 novis-

246 3424 320 3485 sima
334 3425 365 3484 in
379 3427 446 3486 luce
460 3425 665 3485 desideravere
679 3422 792 3500 aliquid
807 3421 886 3484 oculi
901 3420 951 3480 tui.
