2738 4134
256 317 291 382 48
651 321 816 371 ncnrcoua

254 462 370 541 egressi,
386 482 442 541 ego
461 474 593 523 veterum
616 465 786 540 legatorum,
803 483 855 522 vos
875 463 1006 540 priorum
1026 462 1208 523 exercituum
1287 483 1290 490 ’

254 558 404 631 terminos,
431 559 520 616 finem
550 557 719 616 Britanniae
744 576 805 616 non
830 558 909 616 fama
933 577 989 617 nec
1013 577 1131 616 rumore
1155 558 1208 617 sed

254 651 355 714 castris
378 662 407 711 et
428 651 516 711 armis
537 662 686 711 tenemus:
715 651 834 710 inventa
857 650 1008 710 Britannia
1028 662 1057 710 et
1076 651 1206 710 subacta.

229 744 403 822 {Equidem
420 765 508 821 saepe
522 744 552 803 in
568 745 693 822 agmine,
711 753 779 802 cum
794 763 846 804 vos
866 745 991 820 paludes
1011 756 1163 805 montesve
1178 756 1208 804 et

169 881 172 886 -
253 839 376 898 flumina
398 837 559 915 fatigarent,
585 837 735 897 fortissimi
758 837 902 914 cuiusque
925 857 1013 897 voces
1034 837 1207 898 audiebam:

257 934 393 1008 ‘quando
408 923 525 992 dabitur
539 932 640 1004 hostis,
657 932 778 1008 quando
793 930 939 990 animus?'
962 931 1091 1005 veniunt,
1108 951 1124 990 e
1139 933 1208 992 late·
1228 913 1334 1017 adit(

254 1025 313 1108 bris
335 1025 394 1084 suis
416 1025 531 1099 extrusi,
551 1036 580 1085 et
601 1037 670 1084 vota
691 1005 1025 1101 virtumue‘fflperto
1047 1024 1208 1102 omniaque

144 1105 261 1256 ff
275 1140 347 1179 rona
371 1120 530 1178 victoribus
556 1131 644 1195 atque
666 1119 772 1178 eadem
794 1118 878 1177 victis
900 1119 1029 1178 adversa
1074 1113 1153 1179 Nam
1175 1131 1208 1180 ut
1305 1163 1307 1166 -

126 1180 175 1248 Ψ
253 1217 425 1290 superasse„
459 1212 683 1302 ntumjtineris
701 1211 787 1271 silvas
808 1211 1099 1388 evasisspbtransisse
1113 1224 1208 1273 aestu-

170 1473 172 1477 ,
253 1397 499 1476 periculosissima
510 1419 586 1476 quae
601 1399 691 1461 hodie
704 1398 898 1476 prosperrima
909 1409 992 1471 sunt;
1014 1419 1111 1476 neque
1126 1401 1206 1459 enirn

253 1494 340 1552 nobis
351 1505 401 1552 aut
413 1494 546 1552 locorum
562 1493 668 1552 eaderir
684 1492 788 1552 notitia
799 1502 849 1551 aut
863 1485 1085 1576 commeatuum
1101 1494 1206 1554 eadem

229 1579 442 1659 i'abundantia,
459 1588 513 1646 sed
527 1606 618 1645 manu
655 1597 683 1646 et
701 1605 782 1645 arma
801 1596 830 1644 et
850 1586 880 1643 in
898 1585 943 1644 his
961 1586 1069 1644 omnia.
1100 1583 1207 1661 ¹Quod

253 1681 291 1740 ad
306 1701 354 1740 me
368 1679 481 1752 attinet,
498 1680 556 1738 iam
572 1607 687 1758 prtiiid
703 1679 776 1738 mihi
790 1681 942 1740 decretum
958 1690 1002 1739 est
1017 1699 1114 1756 neque
1129 1700 1207 1740 exer·

253 1774 328 1833 citus
349 1793 446 1850 neque
468 1773 553 1832 ducis
576 1784 655 1851 terga
676 1784 738 1832 tuta
759 1793 831 1832 esse.
878 1773 1007 1832 Proinde
1029 1785 1058 1833 et
1081 1775 1207 1834 honesta
1302 1761 1309 1780 ’

207 1947 212 1983 ³
252 1963 319 2020 loco
341 1961 396 2019 sita
416 1971 484 2020 sunt
491 1981 504 2034 ;Ι
525 1980 580 2019 nec
597 1933 909 2038 inglorirffidffii'ffr
927 1959 992 2036 ipso
1009 1970 1150 2019 terrarum
1170 1981 1206 2021 ac
1287 2027 1290 2033 ,

253 2050 373 2113 naturae
389 2055 448 2113 fine
462 2054 623 2116 cecidisse!

253 2234 270 2262 “
283 2237 309 2288 T
304 2236 365 2289 laese
383 2253 432 2289 are
449 2236 494 2289 tlre
512 2252 574 2289 men
586 2253 645 2305 you
664 2232 790 2306 defeated
806 2235 861 2289 last
871 2251 959 2304 year,·
982 2235 1028 2288 the
1046 2235 1102 2288 last
1115 2229 1152 2304 os
1161 2235 1207 2288 the

299 2319 303 2331 '
323 2319 447 2388 Brz'tans,
462 2317 538 2372 alz'are
556 2318 619 2371 still
635 2319 701 2388 onljr
719 2319 829 2372 because
848 2317 910 2388 they
924 2317 997 2371 have
1005 2317 1070 2388 fleri
1084 2319 1205 2388 erstenest,

322 2403 383 2456 and
390 2399 519 2473 fighting
536 2419 601 2455 now
617 2403 683 2471 only
700 2402 811 2454 because
828 2400 891 2470 they
909 2407 991 2454 must.
1032 2401 1086 2454 Let
1102 2401 1159 2454 tais
1176 2402 1207 2454 be

323 2487 368 2540 the
379 2487 527 2555 crawaing
537 2485 591 2554 day
603 2485 639 2555 as
643 2481 736 2555 halja
747 2483 883 2553 centuty.”

153 1293 155 1300 ,
253 1279 385 1410 aria‹pul
425 1326 490 1364 rum
513 1326 549 1365 ac
574 1307 715 1366 decorum
745 1293 778 1363 in¹
804 1307 929 1364 frontem
962 1305 1003 1365 ita
1027 1306 1207 1384 fugientibus

218 1881 221 1888 '
253 1887 332 1926 mors
355 1866 431 1943 turpi
455 1865 514 1927 vita
537 1867 641 1943 potior,
661 1877 690 1926 et
714 1865 901 1927 incolumitas
924 1849 961 1925 ad
985 1867 1076 1926 decus
1097 1853 1205 1926 eodem
1222 1840 1335 1966 &ffi-

228 2634 242 2677 1
293 2619 340 2680 34.
366 2619 413 2680 ‘Si
438 2638 532 2679 novae
553 2629 656 2697 gentes
676 2630 766 2696 atque
791 2618 891 2696 ignota
912 2618 990 2679 acies
1015 2618 1203 2692 constitisset,

252 2714 376 2773 aliorum
398 2713 578 2772 exercituum
601 2711 742 2789 exemplis
763 2732 815 2771 vos
837 2714 980 2772 hortarer:
1009 2732 1089 2771 nunc
1109 2723 1205 2772 vestra

223 2809 361 2906 ,decora
381 2817 540 2879 recensete,
564 2817 675 2865 vestros
700 2807 803 2866 oculos
828 2806 1012 2883 interrogate.
1057 2804 1101 2864 Hi
1126 2817 1202 2879 sunt,

193 2932 202 2967 ς
221 2893 242 2944 ‘⁹
253 2921 328 2978 quos
342 2901 477 2978 proximo
488 2919 568 2959 anno
579 2920 670 2958 unam
685 2899 833 2976 legionem
848 2901 925 2958 furto
940 2899 1035 2958 noctis
1050 2901 1204 2976 adgressos

122 3009 180 3082 ψ»
252 2996 381 3076 clamore
396 2993 584 3080 Q}
612 2992 642 3052 hi
664 3003 829 3052 ceterorum
852 2991 1061 3051 Britannorum
1083 2993 1205 3069 fugacis-

130 3082 142 3094 ”
229 3087 319 3156 asimi
351 3087 479 3164 ideoque
507 3098 567 3146 tam
593 3086 645 3146 diu
670 3086 847 3164 superstites.
902 3087 971 3160 Quo
1001 3087 1093 3146 modo
1118 3085 1204 3145 silvas

195 3154 402 3262 uQQfiQuti
433 3179 656 3257 penetrantibus
691 3178 881 3238 fortissimum
917 3181 1060 3255 quodque
1095 3178 1203 3238 animal

84 3327 85 3330 ,
127 3247 193 3328 '0⁰²
252 3285 355 3335 contra
379 3293 470 3346 ruere,
493 3272 601 3351 pavida
621 3284 650 3332 et
672 3271 775 3332 inertia
796 3271 862 3349 ipso
878 3271 1003 3349 agminis
1023 3290 1098 3332 sono
1117 3273 1204 3349 pelle·

187 3422 189 3428 .
253 3369 366 3442 bantur,
383 3367 425 3428 sic
439 3366 572 3426 acerrimi
588 3367 795 3426 Britannorum
817 3365 876 3425 ianr
893 3365 1007 3442 pridem
1022 3365 1201 3438 ceciderunt,

228 3462 380 3539 areliquus
403 3471 447 3521 est
466 3480 606 3520 numerus
626 3460 797 3538 ignavorum
818 3470 847 3519 et
869 3459 1073 3518 metuentium.
1118 3460 1203 3533 Quos
1276 3499 1278 3503 ,

252 3557 335 3641 quod
355 3556 477 3620 tandem
499 3553 658 3642 invenistis,
677 3572 738 3618 non
759 3552 934 3640 restiterunt,
951 3553 1005 3612 sed
1026 3551 1242 3672 deprehensi&
1353 3549 1354 3632 ᾗ

1103 3645 1195 3717 esti

1186 3719 1194 3748 i
