2738 4134
571 401 735 444 roriconi.
1097 404 1130 458 27

175 533 285 610 priores
307 536 442 595 nondum
464 547 616 613 comperta
637 537 807 614 eloquentia
831 539 1009 615 percoluere,
1034 558 1129 598 rerum

175 629 235 688 fide
250 630 408 688 tradentur.
444 630 603 704 Britannia,
616 631 777 690 insularum
789 652 863 708 quas
876 635 1014 692 Romana
1026 632 1155 691 notitiae

175 723 382 799 complectitur
404 725 538 798 maxima,
562 725 658 801 spatio
679 745 714 784 ac
736 726 819 784 caelo
841 726 871 784 in
893 726 1038 785 orientem
1061 728 1131 786 Ger-

175 817 298 891 maniae,
324 817 354 876 in
377 819 565 878 occidentem
590 819 755 896 Hispaniae
779 819 958 894 obtenditur,
985 821 1077 880 Gallis
1100 820 1130 879 in

175 911 328 970 meridiem
357 913 446 991 etiarn
474 911 627 989 inspicitur
633 933 641 986 ;
676 912 916 989 septentrionalia
945 915 1015 988 eius,
1042 914 1130 974 nullis

174 1016 277 1065 contra
301 1005 392 1077 terris,
415 1017 499 1066 vasto
520 1019 609 1083 atque
631 1018 733 1084 aperto
755 1007 827 1066 mari
853 1009 1014 1084 pulsantur.
1062 1011 1154 1068 For-s

174 1119 253 1157 mam
276 1099 365 1159 totius
388 1099 557 1160 Britanniae
579 1100 680 1160 Livius
699 1111 839 1174 veterum,
858 1101 967 1162 Fabius
990 1102 1129 1162 Rusticus

174 1193 336 1252 recentium
356 1193 591 1270 eloquentissimi
610 1205 745 1254 auctores
766 1195 913 1273 oblongae
934 1197 1067 1256 scutulae
1083 1199 1129 1256 vel

174 1286 295 1363 bipenni
310 1288 532 1348 adsimulavere.
571 1291 609 1347 Et
624 1301 668 1348 est
682 1308 718 1348 ea
733 1290 822 1349 facies
837 1287 909 1348 citra
924 1290 1154 1364 Caledoniamt

173 1383 254 1441 unde
275 1393 304 1441 et
326 1382 355 1440 in
374 1382 543 1442 universum
564 1384 656 1456 fama;
679 1385 733 1443 sed
756 1383 941 1460 transgressis
960 1383 1129 1443 inmensum

173 1487 202 1534 et
227 1496 348 1535 enorme
377 1477 505 1553 spatium
534 1477 769 1553 procurrentium
797 1488 929 1550 ,extremo
958 1476 1016 1535 iam
1045 1477 1129 1536 litore

173 1581 313 1629 terrarum
328 1571 408 1630 velut
430 1571 461 1628 in
482 1591 612 1630 cuneum
634 1582 778 1630 tenuatur.
823 1573 913 1629 Hanc
932 1590 1013 1630 oram
1034 1571 1153 1631 novis-o

173 1664 239 1724 simi
268 1663 356 1723 maris
385 1675 456 1724 tunc
482 1664 610 1742 primum
640 1667 778 1723 Romana
806 1664 906 1724 classis
931 1665 1128 1724 circumvecta

173 1757 299 1818 insulam
319 1779 384 1819 esse
405 1758 588 1818 Britanniam
607 1759 780 1832 adfirmavit,
799 1778 834 1817 ac
853 1759 941 1817 simul
963 1758 1127 1836 incognitas

171 1854 210 1912 ad
226 1853 256 1912 id
272 1864 388 1930 tempus
404 1853 521 1926 insulas,
536 1873 609 1930 quas
625 1855 757 1914 Orcadas
771 1864 887 1926 vocant,
901 1852 1012 1912 invenit
1024 1855 1127 1912 domu-

172 1946 261 2023 itque.
307 1948 449 2024 Dispecta
474 1958 518 2006 est
543 1958 573 2006 et
600 1949 706 2020 Thule,
733 1947 803 2023 quia
831 1949 975 2006 hactenus
1000 1947 1152 2006 i'ussum:o

172 2051 201 2099 et
226 2041 321 2100 hiems
341 2041 511 2118 adpetebat.
556 2043 615 2101 Sed
640 2060 720 2100 mare
744 2041 860 2118 pigrum
883 2051 913 2100 et
934 2060 1021 2118 grave
1044 2041 1127 2100 remi-

171 2135 308 2211 gantibus
341 2135 498 2211 perhibent
531 2155 568 2194 ne
596 2135 691 2194 ventis
719 2135 841 2212 quidem
869 2134 993 2211 perinde
1023 2134 1125 2206 attolli,

144 2283 148 2299 ,
172 2228 262 2287 credo
283 2231 366 2305 quod
387 2230 509 2288 rariores
531 2240 624 2288 terrae
643 2239 827 2305 montesque,
845 2249 933 2287 causa
951 2249 986 2287 ac
1006 2228 1127 2288 materia

131 2310 389 2429 ('¹tempestatum‚
411 2334 440 2382 et
462 2324 611 2400 profunda
632 2323 725 2382 moles
748 2322 882 2382 continui
906 2323 992 2382 maris
1014 2320 1127 2382 tardius

171 2416 338 2493 impellitur.
383 2419 529 2476 Naturam
551 2416 664 2478 Oceani
689 2427 778 2492 atque
799 2427 898 2476 aestus
920 2436 1019 2492 neque
1039 2433 1150 2493 quae-t

170 2529 232 2569 rere
247 2511 334 2570 huius
346 2511 443 2588 operis
458 2522 509 2584 est,
523 2531 558 2569 ac
567 2494 654 2569 ¹multi
669 2512 818 2570 rettulere:
841 2530 934 2569 unum
949 2510 1124 2584 addiderim,

171 2622 317 2680 nusquam
343 2603 429 2663 latius
454 2604 601 2663 dominari
626 2624 713 2677 mare,
738 2605 864 2664 multum
887 2603 1044 2663 fluminum
1067 2605 1126 2664 huc

170 2707 259 2773 atque
274 2698 344 2756 illuc
358 2692 439 2770 ferre,
453 2717 510 2757 nec
524 2697 608 2757 litore
623 2708 709 2756 tenus
723 2698 893 2756 adcrescere
907 2708 958 2757 aut
972 2698 1123 2771 resorberi,

171 2792 223 2849 sed
252 2791 374 2850 influere
401 2792 519 2868 penitus
547 2802 637 2868 atque
665 2790 785 2864 ambire,
813 2801 842 2850 et
870 2790 945 2868 iugis
973 2790 1062 2851 etiarn
1090 2811 1126 2850 ac

171 2883 322 2943 montibus
338 2883 426 2944 inseri
440 2885 520 2944 velut
534 2884 565 2943 in
580 2905 643 2944 suo.

237 3052 417 3108 Inhabz'tants
429 3055 465 3124 of
470 3054 604 3118 Britain;
625 3053 649 3108 C
646 3053 810 3108 caledoniam
812 3055 896 3137 from
911 3054 1059 3126 Germany,

382 3138 616 3208 Silurianssrom
629 3138 729 3207 Spar'n,
742 3136 805 3190 and
815 3138 912 3192 Gauls.

211 3267 257 3351 11.
281 3271 421 3332 Ceterum
441 3270 624 3331 Britanniam
644 3271 695 3348 qui
713 3274 851 3332 mortales
868 3271 953 3332 initio
970 3272 1148 3348 coluerint,1

169 3355 327 3441 indigenae
341 3384 380 3424 an
394 3365 519 3438 advecti,
531 3375 563 3424 ut
574 3365 650 3426 inter
660 3365 801 3425 barbaros
811 3386 916 3443 parum
927 3378 1121 3443 compertum.
1137 3349 1213 3424 aaut
1227 3385 1243 3399 ι·
1257 3379 1298 3407 „r
1314 3398 1320 3407 -

142 3447 144 3452 ⁵
170 3455 301 3540 Habitus
312 3477 470 3536 corporum
481 3459 552 3518 varii
566 3470 656 3536 atque
670 3481 706 3520 ex
721 3479 757 3520 eo
768 3471 949 3537 argumenta.
984 3461 1148 3538 Namquea

112 3532 271 3657 quutilae
286 3553 482 3613 Caledoniam
500 3552 698 3621 habitantium
716 3572 828 3628 comae,
845 3552 945 3631 magni
959 3565 1038 3613 artus
1054 3557 1124 3614 Ger-

76 3713 78 3718 ,
128 3645 158 3691 λ’
169 3645 316 3704 manicam
338 3646 481 3723 originem
498 3649 697 3720 adseverant,
722 3646 850 3706 Silurum
872 3647 995 3707 colorati
1015 3649 1120 3720 vultus,

924 3728 1034 3792 beuter
