2738 4134
228 301 264 354 40
623 295 788 340 noarcorn.

208 435 355 510 'portuna
373 430 604 492 valentissimam
625 430 741 508 imperii
762 440 875 508 partem
898 429 1012 507 magnis
1033 429 1064 488 in
1086 430 1181 490 vicem

203 527 330 587 ausibus
353 525 510 586 miscuerit.
554 525 688 602 Spatium
707 525 779 596 eius,
800 525 824 583 si
844 522 1014 583 Britanniae
1033 543 1182 600 compare-

227 633 281 694 tur,
298 619 458 697 angustius,
476 619 568 679 nostri
587 619 674 678 maris
693 619 802 678 insulas
825 628 950 695 superat.
995 619 1097 678 Solum
1119 638 1182 678 cae-

227 716 349 792 lumque
371 725 400 774 et
420 714 538 791 ingenia
558 714 714 789 cultusque
736 711 892 772 hominum
915 713 995 771 haud
1017 713 1142 772 multum
1164 733 1182 771 a

228 808 381 867 Britannia
405 807 557 867 differunt:
587 806 693 865 melius
717 805 815 866 aditus
840 817 1002 884 portusque
1026 826 1079 882 per
1103 825 1181 865 com·
1249 863 1256 872 ,

203 903 337 964 amercia
355 913 384 962 et
403 901 600 979 negotiatores
620 899 738 978 cogniti.
781 900 920 978 Agricola
934 901 1088 977 expulsum
1107 899 1182 960 sedi-

227 997 308 1056 tione
333 994 498 1055 domestica
522 1015 616 1054 unum
644 1015 680 1054 ex
708 994 814 1072 regulis
841 994 938 1072 gentis
965 1005 1119 1070 exceperat
1146 1013 1181 1052 ac

227 1089 327 1168 specie
348 1088 495 1148 amicitiae
516 1088 547 1146 in
568 1089 757 1148 occasionem
779 1087 932 1148 retinebat.
976 1090 1071 1163 Saepe
1090 1107 1181 1147 exeo

226 1182 326 1242 audivi
338 1181 454 1258 legione
466 1201 525 1241 una
536 1192 565 1241 et
577 1182 702 1242 modicis
717 1181 831 1241 auxiliis
842 1180 983 1240 debellari
995 1179 1182 1257 obtinerique

228 1275 405 1335 Hiberniam
424 1296 512 1353 posse
518 1297 526 1349 ;
548 1275 639 1352 idque
657 1275 746 1335 etiam
764 1277 904 1335 adversus
921 1274 1103 1333 Britanniam
1118 1294 1182 1351 pro-

227 1371 365 1444 futurum,
387 1369 412 1430 si
433 1372 573 1429 Romana
593 1369 705 1446 ubique
726 1389 808 1429 arma
829 1379 858 1428 et
879 1369 959 1428 velut
980 1387 997 1428 e
1018 1379 1181 1446 conspectu

226 1463 346 1524 libertas
360 1465 518 1525 tolleretur.

226 1645 364 1710 Advarrcss
381 1646 416 1716 of
426 1647 552 1699 Romans
569 1645 675 1716 beyond
693 1643 739 1708 tlte
756 1644 901 1712 Bodotria,
919 1644 1072 1713 supported
1087 1644 1120 1713 by
1138 1644 1183 1696 tlte

286 1731 363 1802 fleat.
414 1729 550 1782 Boldness
580 1729 616 1798 os
632 1730 757 1782 Brr'tons.
810 1729 888 1781 Fear
915 1744 1022 1797 among
1050 1728 1180 1780 Romans.

296 1813 407 1865 Roman
419 1829 501 1882 army
513 1812 652 1866 advances
667 1813 698 1864 in
712 1811 786 1864 three
798 1811 942 1864 divrbrons.
978 1811 1048 1878 (nn.
1063 1808 1117 1877 83.)

202 1963 216 2006 1
267 1944 313 2005 25.
338 1946 479 2006 Ceterum
499 1957 618 2020 aestate,
641 1965 700 2022 qua
721 1956 837 2006 sextum
859 1945 946 2005 officii
967 1965 1081 2005 annum
1103 1945 1182 2005 inco

122 2069 124 2074 v
227 2039 324 2113 habat,
354 2040 507 2116 amplexus
535 2040 669 2100 civitates
697 2050 777 2100 trans
806 2039 979 2101 Bodotriam
1008 2039 1085 2113 sitaS,
1112 2038 1182 2116 quia

227 2143 325 2192 motus
355 2133 556 2193 universarum
586 2135 660 2192 ultra
689 2133 822 2211 gentium
852 2144 882 2194 et
911 2133 1017 2193 infesta
1046 2133 1181 2192 hostibus
1205 2174 1207 2178 -

226 2227 370 2287 exercitus
402 2226 506 2286 itinera
536 2227 724 2300 timebantur,
754 2238 857 2304 portus
885 2228 978 2287 classe
1006 2227 1168 2304 exploravit
1173 2248 1182 2301 3

226 2341 302 2397 quae
327 2320 366 2379 ab
391 2321 529 2398 Agricola
552 2321 681 2398 primum
703 2323 861 2399 adsumpta
885 2321 915 2379 in
941 2332 1054 2398 partem
1076 2321 1181 2380 virium

227 2414 405 2490 sequebatur
426 2416 542 2492 egregia
563 2415 670 2494 specie,
694 2435 763 2474 cum
789 2415 876 2475 simul
902 2425 977 2475 terra
998 2415 1085 2475 simul
1109 2415 1182 2474 mari

180 2583 182 2588 Α
227 2509 338 2570 bellum
357 2507 568 2585 impelleretur,
580 2529 615 2568 ac
633 2529 722 2587 saepe
741 2509 837 2569 isdem
852 2509 953 2569 castris
972 2510 1065 2585 pedes
1079 2529 1181 2585 eques-

227 2622 285 2679 que
300 2613 329 2663 et
348 2603 483 2663 nauticus
504 2603 588 2662 miles
606 2603 688 2663 mixti
706 2603 799 2680 copiis
815 2613 844 2664 et
863 2603 973 2663 laetitia
987 2622 1040 2663 sua
1055 2602 1181 2680 quisque

226 2698 311 2770 sacta,
332 2717 401 2757 suos
420 2717 505 2757 casus
526 2698 701 2770 attollerent,
721 2717 756 2757 ac
775 2699 866 2757 modo
888 2698 1026 2756 silvarum
1044 2717 1080 2756 ac
1099 2716 1178 2756 mon-

226 2791 300 2850 tium
319 2793 474 2868 profunda,
492 2792 585 2850 modo
604 2801 814 2868 tempestatum
832 2811 867 2850 ac
885 2791 1029 2850 fluctuum
1048 2791 1178 2864 adversa,

227 2883 297 2943 hinc
311 2896 386 2945 terra
400 2895 430 2944 et
444 2884 544 2958 hostis,
561 2885 632 2943 hinc
646 2885 741 2945 victus
756 2886 895 2945 Oceanus
910 2883 1027 2943 militari
1042 2883 1181 2944 iactantia

202 2990 473 3055 acompararentur.
493 3023 495 3027 ,
517 2978 674 3038 Britannos
691 2998 820 3056 quoque,
841 2989 872 3038 ut
889 2999 925 3038 ex
942 2977 1064 3055 captivis
1082 2977 1180 3037 audie-

227 3072 320 3145 batur,
337 3072 398 3132 visa
412 3072 512 3150 class'is
528 3072 790 3149 obstupefaciebat,
807 3083 960 3149 tamquam
975 3083 1077 3149 aperto
1092 3071 1180 3132 maris

202 3164 272 3224 ssui
296 3177 410 3226 secreto
432 3166 569 3226 ultimum
594 3167 678 3226 victis
702 3166 868 3245 perfugium
894 3166 1086 3226 clauderetur.
1129 3167 1179 3226 Ad

226 3279 331 3319 manus
353 3270 382 3319 et
403 3280 485 3320 arma
505 3261 638 3320 conversi
662 3261 858 3322 Caledoniam
880 3259 1045 3320 incolentes
1065 3261 1177 3338 populi,

178 3376 180 3380 ·
225 3365 327 3432 paratu
350 3374 466 3432 magno,
486 3354 597 3414 maiore
618 3356 705 3427 sama,
725 3354 769 3415 uti
788 3374 852 3415 mos
871 3366 916 3416 est
934 3357 973 3415 de
991 3354 1107 3432 ignotis,
1129 3375 1180 3432 op-

225 3467 356 3526 pugnare
384 3451 460 3508 ultro
488 3451 607 3509 castella
638 3449 743 3523 adorti,
773 3460 886 3510 metum
919 3459 952 3510 ut
983 3460 1179 3526 provocantes

225 3542 416 3618 addiderant;
443 3542 729 3622 regrediendumque
754 3543 826 3604 citra
851 3542 1024 3604 Bodotriam
1046 3553 1076 3602 et
1097 3563 1179 3604 exce
