2738 4134
857 201 890 236 x

245 359 277 416 5²
396 325 398 332 ¹
639 359 803 402 norucorn.

243 494 342 566 colles,
356 492 498 553 fumantia
513 494 615 569 procul
631 504 716 565 tecta,
730 513 820 552 nemo
835 493 1068 570 exploratoribus
1083 492 1195 553 obvius.

219 586 361 667 sQuibus
386 587 416 644 in
442 606 562 646 omnem
591 599 704 664 partem
730 586 866 659 dimissis,
894 587 945 645 ubi
973 587 1085 646 incerta
1113 589 1198 663 fugae

243 679 365 757 vestigia
393 700 490 756 neque
522 700 646 756 usquam
678 650 1196 758 conglobariffl'compertum

244 775 286 854 (et
307 785 409 834 exacta
430 775 489 833 iam
510 786 621 833 aestate
643 775 738 852 spargi
760 775 872 834 bellum
892 773 1054 852 nequibat),
1071 774 1101 833 in
1123 776 1197 843 fines

199 871 435 928 ·4Borestorum
456 868 616 928 exercitum
636 869 766 928 deducit.
812 863 860 928 Ibi
880 869 1010 952 acceptis
1032 868 1195 942 obsidibus,

242 963 392 1039 praelecto
404 962 507 1070 &iffi
522 963 701 1021 circumvehi
717 963 899 1068 Britaprniarn
914 962 1063 1040 praecipit.
1102 965 1197 1022 Datae

243 1058 282 1116 ad
303 1056 335 1116 id
355 1055 438 1128 vires,
455 1067 484 1114 et
506 1068 704 1140 praecesserat
726 1031 939 1135 ter'ro'rimlpse
957 1057 1089 1135 peditem
1108 1069 1197 1134 atque

243 1151 357 1228 equites
378 1151 460 1209 lento
482 1149 592 1222 itinere,
615 1142 678 1226 quo
699 1171 842 1210 novarum
864 1151 997 1228 gentium
1020 1149 1111 1209 animi
1134 1149 1198 1227 ipsa

219 1244 381 1304 otransitus
399 1264 482 1303 mora
501 1255 683 1317 terrerentur,
700 1245 732 1304 in
749 1245 879 1305 hibernis
896 1245 1012 1305 locavit.
1056 1245 1095 1303 Et
1110 1243 1197 1304 simul

243 1338 343 1398 classis
366 1339 504 1413 secunda
520 1349 696 1416 tempestate
719 1359 754 1398 ac
777 1341 855 1398 fama
877 1342 1110 1398 Trucculensem
1133 1358 1198 1414 por-

243 1443 306 1491 tum
330 1431 431 1504 tenuit,
454 1433 534 1492 unde
556 1429 882 1509 proximo'Britanniae
905 1435 995 1493 latere
1015 1434 1093 1521 lectp
1114 1431 1278 1556 ompiLW

242 1525 375 1586 redierat.
1115 1523 1208 1584 '‘illl‘·

456 1781 634 1860 Chapters
657 1781 982 1842 xxxlx.-xLVI.

266 1901 388 1963 Recall
411 1901 452 1962 of
470 1901 653 1977 Agricola;
681 1889 739 1961 his
762 1900 895 1961 retired
918 1900 978 1960 life
1001 1908 1038 1961 at
1063 1901 1175 1960 Rome

439 1997 510 2057 and
533 1996 605 2056 last
627 2012 745 2074 years.
790 1998 863 2076 (nn.
881 1997 1003 2074 85-93.)

278 2143 355 2197 How
367 2143 515 2196 Domitian
527 2143 653 2196 received
661 2143 706 2196 the
717 2159 794 2195 news
805 2142 842 2211 of
846 2143 874 2195 Α
873 2141 1004 2212 gn'cola’r
1017 2141 1162 2206 victorie&

529 2226 710 2296 luijealoury
722 2226 783 2279 and
791 2227 912 2295 unm'etyt

218 2384 243 2452 1ι
283 2370 330 2432 39.
355 2375 449 2432 Hunc
469 2393 566 2432 rerum
588 2393 715 2446 cursum,
733 2392 915 2450 quamquam
937 2373 1018 2432 nulla
1038 2373 1195 2432 verborum

243 2465 381 2526 iactantia
398 2467 530 2544 epistulis
545 2468 700 2557 Agricolae
718 2477 846 2539 auctum,
864 2453 896 2526 ut
915 2467 1089 2526 Domitiano
1107 2467 1197 2526 moris

217 2572 311 2646 perat,
332 2562 428 2620 fronte
450 2563 551 2633 laetus,
573 2571 692 2637 pectore
713 2559 817 2619 anxius
832 2559 962 2640 excepit.
1007 2563 1107 2620 Inerat
1128 2580 1197 2619 con·

176 2684 180 2692 ·
227 2655 365 2714 scientia
388 2653 496 2714 derisui
520 2654 608 2720 fuisse
632 2673 726 2731 nuper
748 2656 854 2714 falsum
878 2673 894 2714 e
917 2649 1077 2714 Germania
1099 2655 1198 2714 trium-

222 2795 224 2809 .
242 2749 343 2825 phum,
361 2747 467 2825 emptis
489 2768 542 2824 per
561 2747 748 2820 commercia,
765 2768 892 2824 quorum
914 2748 1033 2807 habitus
1052 2760 1081 2808 et
1101 2748 1197 2808 crines

243 2841 272 2899 in
288 2841 469 2918 captivorum
481 2841 615 2928 ‘speciem
633 2839 841 2902 formarentur:
862 2853 892 2902 at
910 2862 990 2902 nunc
1004 2862 1104 2902 veram
1118 2862 1197 2919 mag-

158 3004 161 3009 ·
242 2955 371 3011 namque
383 2935 534 3007 victoriam
549 2946 594 2996 tot
608 2935 727 2995 milibus
742 2936 872 2996 hostium
887 2936 980 2996 caesis
996 2935 1107 3014 ingenti
1117 2938 1197 2996 fama

218 3017 390 3087 scelebrari.
435 3030 473 3088 Id
487 3027 542 3088 sibi
558 3030 685 3119 maxime
701 3029 934 3104 formidolosum,
947 3029 1051 3107 privati
1066 3029 1196 3090 hominis

242 3141 353 3180 nomen
375 3137 465 3198 supra·
480 3121 620 3200 principis
638 3123 745 3183 attolli:
767 3107 874 3183 fruitra
892 3124 990 3183 studia
1008 3124 1062 3183 fori
1082 3134 1111 3183 et
1129 3123 1197 3182 civi-

148 3235 150 3242 ’
176 3203 178 3207 ’
242 3215 314 3275 lium
329 3215 435 3274 artium
450 3217 542 3275 decus
558 3215 588 3274 in
603 3216 752 3276 silentium
767 3227 841 3289 acta,
858 3217 882 3276 si
900 3216 1055 3301 militarem
1073 3216 1194 3294 gloriam

242 3309 315 3369 alius
327 3321 495 3387 occuparet;
510 3301 607 3369 cetera
616 3321 778 3387 utcumque
789 3310 902 3369 facilius
912 3311 1099 3395 dissimulari,
1111 3310 1196 3371 ducis

193 3473 195 3478 Α
216 3403 313 3462 eboni
327 3403 546 3481 imperatoriam
557 3405 693 3464 virtutem
709 3425 782 3464 esse.
819 3405 942 3491 Talilrus
953 3404 1030 3464 curis
1042 3405 1194 3476 exercitus,

242 3499 385 3572 quodque
410 3497 722 3578 saevae-cogitationis
746 3493 890 3558 indicium
912 3510 981 3571 erat,
1005 3511 1118 3559 secreto
1140 3519 1195 3559 suo

242 3591 371 3664 satiatus,
386 3592 533 3683 optimum
556 3593 586 3650 in
608 3577 774 3668 praesentia
795 3593 895 3652 statuit
916 3611 1059 3670 reponere
1080 3594 1193 3666 odium,

295 3685 438 3805 offla

437 3814 442 3822 ι

1259 2599 1267 2624 Ι
