<?xml version="1.0" encoding="UTF-8"?>
<!DOCTYPE html PUBLIC "-//W3C//DTD XHTML 1.0 Transitional//EN"
    "http://www.w3.org/TR/xhtml1/DTD/xhtml1-transitional.dtd">
<html xmlns="http://www.w3.org/1999/xhtml" xml:lang="en" lang="en">
 <head>
  <title>
</title>
<meta http-equiv="Content-Type" content="text/html;charset=utf-8" />
  <meta name='ocr-system' content='tesseract 3.04.00' />
  <meta name='ocr-capabilities' content='ocr_page ocr_carea ocr_par ocr_line ocrx_word'/>
</head>
<body>
  <div class='ocr_page' id='page_1' title='image "./agricolatacitus00waltgoog_0026.png"; bbox 0 0 2738 4134; ppageno 0'>
   <div class='ocr_carea' id='block_1_1' title="bbox 575 406 1128 449">
    <p class='ocr_par' dir='ltr' id='par_1_1' title="bbox 575 406 1128 449">
     <span class='ocr_line' id='line_1_1' title="bbox 575 406 1128 449; baseline 0.005 -3"><span class='ocrx_word' id='word_1_1' title='bbox 575 406 738 448; x_wconf 78' lang='lat' dir='ltr'>AGRICOLA.</span> <span class='ocrx_word' id='word_1_2' title='bbox 1099 411 1128 449; x_wconf 88' lang='lat'>21</span> 
     </span>
    </p>
   </div>
   <div class='ocr_carea' id='block_1_2' title="bbox 178 539 1133 692">
    <p class='ocr_par' dir='ltr' id='par_1_2' title="bbox 178 539 1133 692">
     <span class='ocr_line' id='line_1_2' title="bbox 178 539 1133 609; baseline 0.002 -17"><span class='ocrx_word' id='word_1_3' title='bbox 178 540 263 592; x_wconf 82' lang='lat' dir='ltr'>Even</span> <span class='ocrx_word' id='word_1_4' title='bbox 282 557 346 591; x_wconf 84' lang='lat' dir='ltr'>now</span> <span class='ocrx_word' id='word_1_5' title='bbox 366 540 456 591; x_wconf 60' lang='lat' dir='ltr'>unda</span> <span class='ocrx_word' id='word_1_6' title='bbox 472 539 571 591; x_wconf 79' lang='lat' dir='ltr'>Neruo</span> <span class='ocrx_word' id='word_1_7' title='bbox 587 540 649 592; x_wconf 78' lang='lat' dir='ltr'>arrd</span> <span class='ocrx_word' id='word_1_8' title='bbox 667 541 782 609; x_wconf 83' lang='lat' dir='ltr'><strong><em>Trajan,</em></strong></span> <span class='ocrx_word' id='word_1_9' title='bbox 796 559 838 593; x_wconf 82' lang='lat' dir='ltr'>we</span> <span class='ocrx_word' id='word_1_10' title='bbox 851 541 922 593; x_wconf 80' lang='lat' dir='ltr'>hove</span> <span class='ocrx_word' id='word_1_11' title='bbox 939 547 988 594; x_wconf 84' lang='lat' dir='ltr'>not</span> <span class='ocrx_word' id='word_1_12' title='bbox 999 541 1061 594; x_wconf 83' lang='lat' dir='ltr'>been</span> <span class='ocrx_word' id='word_1_13' title='bbox 1074 543 1133 594; x_wconf 83' lang='lat' dir='ltr'>oble</span> 
     </span>
     <span class='ocr_line' id='line_1_3' title="bbox 243 623 1133 692; baseline 0.004 -18"><span class='ocrx_word' id='word_1_14' title='bbox 243 630 292 691; x_wconf 74' lang='lat' dir='ltr'>yet</span> <span class='ocrx_word' id='word_1_15' title='bbox 306 631 332 674; x_wconf 81' lang='lat' dir='ltr'>lo</span> <span class='ocrx_word' id='word_1_16' title='bbox 345 639 456 675; x_wconf 82' lang='lat' dir='ltr'>recover</span> <span class='ocrx_word' id='word_1_17' title='bbox 467 640 521 674; x_wconf 86' lang='lat' dir='ltr'>our</span> <span class='ocrx_word' id='word_1_18' title='bbox 527 623 643 692; x_wconf 72' lang='lat' dir='ltr'>sortiter</span> <span class='ocrx_word' id='word_1_19' title='bbox 649 627 753 691; x_wconf 76' lang='lat' dir='ltr'>power.</span> <span class='ocrx_word' id='word_1_20' title='bbox 797 624 864 676; x_wconf 78' lang='lat' dir='ltr'>Tlrz&#39;s</span> <span class='ocrx_word' id='word_1_21' title='bbox 876 624 942 678; x_wconf 83' lang='lat' dir='ltr'>book</span> <span class='ocrx_word' id='word_1_22' title='bbox 959 626 984 676; x_wconf 85' lang='lat' dir='ltr'>is</span> <span class='ocrx_word' id='word_1_23' title='bbox 1000 625 1133 678; x_wconf 76' lang='lat' dir='ltr'>atributa</span> 
     </span>
    </p>
   </div>
   <div class='ocr_carea' id='block_1_3' title="bbox 249 705 506 775">
    <p class='ocr_par' dir='ltr' id='par_1_3' title="bbox 249 705 506 775">
     <span class='ocr_line' id='line_1_4' title="bbox 249 705 506 775; baseline 0 -17"><span class='ocrx_word' id='word_1_24' title='bbox 249 705 364 775; x_wconf 82' lang='lat' dir='ltr'>osfiliol</span> <span class='ocrx_word' id='word_1_25' title='bbox 374 707 506 775; x_wconf 69' lang='lat' dir='ltr'>afflctzon.</span> 
     </span>
    </p>
   </div>
   <div class='ocr_carea' id='block_1_4' title="bbox 172 831 1155 2788">
    <p class='ocr_par' dir='ltr' id='par_1_4' title="bbox 172 831 1155 2788">
     <span class='ocr_line' id='line_1_5' title="bbox 219 831 1155 911; baseline 0.002 -19"><span class='ocrx_word' id='word_1_26' title='bbox 219 831 245 892; x_wconf 87' lang='grc'>3.</span> <span class='ocrx_word' id='word_1_27' title='bbox 270 835 359 892; x_wconf 91' lang='lat' dir='ltr'>Nunc</span> <span class='ocrx_word' id='word_1_28' title='bbox 381 834 503 891; x_wconf 92' lang='lat' dir='ltr'>demum</span> <span class='ocrx_word' id='word_1_29' title='bbox 525 833 599 891; x_wconf 87' lang='lat' dir='ltr'>redit</span> <span class='ocrx_word' id='word_1_30' title='bbox 621 832 753 906; x_wconf 73' lang='lat' dir='ltr'>animus,</span> <span class='ocrx_word' id='word_1_31' title='bbox 781 845 810 892; x_wconf 95' lang='lat' dir='ltr'>et</span> <span class='ocrx_word' id='word_1_32' title='bbox 832 855 1012 910; x_wconf 89' lang='lat' dir='ltr'>quamquam</span> <span class='ocrx_word' id='word_1_33' title='bbox 1036 836 1155 911; x_wconf 92' lang='lat' dir='ltr'>prim01</span> 
     </span>
     <span class='ocr_line' id='line_1_6' title="bbox 179 926 1131 988; baseline 0.004 -4"><span class='ocrx_word' id='word_1_34' title='bbox 179 927 276 984; x_wconf 91' lang='lat' dir='ltr'>statim</span> <span class='ocrx_word' id='word_1_35' title='bbox 298 926 458 985; x_wconf 84' lang='lat' dir='ltr'>beatissimi</span> <span class='ocrx_word' id='word_1_36' title='bbox 477 927 584 984; x_wconf 89' lang='lat' dir='ltr'>saeculi</span> <span class='ocrx_word' id='word_1_37' title='bbox 603 938 667 984; x_wconf 91' lang='lat' dir='ltr'>ortu</span> <span class='ocrx_word' id='word_1_38' title='bbox 686 929 785 985; x_wconf 91' lang='lat' dir='ltr'>Nerva</span> <span class='ocrx_word' id='word_1_39' title='bbox 803 930 912 988; x_wconf 89' lang='lat' dir='ltr'>Caesar</span> <span class='ocrx_word' id='word_1_40' title='bbox 929 948 974 987; x_wconf 88' lang='lat' dir='ltr'>res</span> <span class='ocrx_word' id='word_1_41' title='bbox 989 928 1060 988; x_wconf 91' lang='lat' dir='ltr'>olim</span> <span class='ocrx_word' id='word_1_42' title='bbox 1076 930 1131 988; x_wconf 93' lang='lat' dir='ltr'>dis-</span> 
     </span>
     <span class='ocr_line' id='line_1_7' title="bbox 178 1019 1131 1100; baseline 0.004 -22"><span class='ocrx_word' id='word_1_43' title='bbox 178 1021 333 1080; x_wconf 86' lang='lat' dir='ltr'>sociabiles</span> <span class='ocrx_word' id='word_1_44' title='bbox 349 1019 505 1093; x_wconf 85' lang='lat' dir='ltr'>miscuerit,</span> <span class='ocrx_word' id='word_1_45' title='bbox 519 1020 716 1097; x_wconf 87' lang='lat' dir='ltr'>principatum</span> <span class='ocrx_word' id='word_1_46' title='bbox 732 1042 766 1080; x_wconf 89' lang='lat' dir='ltr'>ac</span> <span class='ocrx_word' id='word_1_47' title='bbox 779 1021 952 1094; x_wconf 87' lang='lat' dir='ltr'>libertatem,</span> <span class='ocrx_word' id='word_1_48' title='bbox 966 1035 1131 1100; x_wconf 82' lang='lat' dir='ltr'>augeatque</span> 
     </span>
     <span class='ocr_line' id='line_1_8' title="bbox 177 1100 1130 1192; baseline 0.003 -21"><span class='ocrx_word' id='word_1_49' title='bbox 177 1100 311 1189; x_wconf 84' lang='lat' dir='ltr'>quotidie</span> <span class='ocrx_word' id='word_1_50' title='bbox 327 1115 495 1174; x_wconf 81' lang='lat' dir='ltr'>felicitatem</span> <span class='ocrx_word' id='word_1_51' title='bbox 511 1126 679 1190; x_wconf 91' lang='lat' dir='ltr'>temporum</span> <span class='ocrx_word' id='word_1_52' title='bbox 695 1116 794 1173; x_wconf 89' lang='lat' dir='ltr'>Nerva</span> <span class='ocrx_word' id='word_1_53' title='bbox 809 1115 961 1188; x_wconf 85' lang='lat' dir='ltr'>Traianus,</span> <span class='ocrx_word' id='word_1_54' title='bbox 976 1136 1031 1174; x_wconf 92' lang='lat' dir='ltr'>nec</span> <span class='ocrx_word' id='word_1_55' title='bbox 1047 1136 1130 1192; x_wconf 88' lang='lat' dir='ltr'>spem</span> 
     </span>
     <span class='ocr_line' id='line_1_9' title="bbox 178 1208 1129 1296; baseline 0.003 -31"><span class='ocrx_word' id='word_1_56' title='bbox 178 1209 270 1266; x_wconf 92' lang='lat' dir='ltr'>modo</span> <span class='ocrx_word' id='word_1_57' title='bbox 285 1229 319 1267; x_wconf 92' lang='lat' dir='ltr'>ac</span> <span class='ocrx_word' id='word_1_58' title='bbox 334 1221 436 1267; x_wconf 91' lang='lat' dir='ltr'>votum</span> <span class='ocrx_word' id='word_1_59' title='bbox 453 1208 727 1296; x_wconf 59' lang='lat' dir='ltr'>securitaffltblica</span> <span class='ocrx_word' id='word_1_60' title='bbox 743 1210 796 1267; x_wconf 91' lang='lat' dir='ltr'>sed</span> <span class='ocrx_word' id='word_1_61' title='bbox 812 1208 903 1285; x_wconf 91' lang='lat' dir='ltr'>ipsius</span> <span class='ocrx_word' id='word_1_62' title='bbox 914 1209 974 1268; x_wconf 91' lang='lat' dir='ltr'>voti</span> <span class='ocrx_word' id='word_1_63' title='bbox 990 1210 1129 1272; x_wconf 88' lang='lat' dir='ltr'>fiduciam</span> 
     </span>
     <span class='ocr_line' id='line_1_10' title="bbox 177 1295 1130 1377; baseline 0.003 -17"><span class='ocrx_word' id='word_1_64' title='bbox 177 1322 211 1360; x_wconf 89' lang='lat' dir='ltr'>ac</span> <span class='ocrx_word' id='word_1_65' title='bbox 227 1303 316 1360; x_wconf 92' lang='lat' dir='ltr'>robur</span> <span class='ocrx_word' id='word_1_66' title='bbox 330 1295 534 1377; x_wconf 85' lang='lat' dir='ltr'>adsumpserit,</span> <span class='ocrx_word' id='word_1_67' title='bbox 552 1313 655 1360; x_wconf 92' lang='lat' dir='ltr'>natura</span> <span class='ocrx_word' id='word_1_68' title='bbox 674 1313 772 1361; x_wconf 90' lang='lat' dir='ltr'>tamen</span> <span class='ocrx_word' id='word_1_69' title='bbox 787 1301 968 1361; x_wconf 87' lang='lat' dir='ltr'>infirmitatis</span> <span class='ocrx_word' id='word_1_70' title='bbox 983 1304 1130 1363; x_wconf 88' lang='lat' dir='ltr'>humanae</span> 
     </span>
     <span class='ocr_line' id='line_1_11' title="bbox 177 1389 1131 1473; baseline 0.002 -19"><span class='ocrx_word' id='word_1_71' title='bbox 177 1396 305 1454; x_wconf 87' lang='lat' dir='ltr'>tardiora</span> <span class='ocrx_word' id='word_1_72' title='bbox 327 1408 394 1455; x_wconf 92' lang='lat' dir='ltr'>sunt</span> <span class='ocrx_word' id='word_1_73' title='bbox 417 1395 547 1454; x_wconf 88' lang='lat' dir='ltr'>remedia</span> <span class='ocrx_word' id='word_1_74' title='bbox 566 1389 655 1471; x_wconf 86' lang='lat' dir='ltr'>quam</span> <span class='ocrx_word' id='word_1_75' title='bbox 676 1397 752 1454; x_wconf 89' lang='lat' dir='ltr'>mala</span> <span class='ocrx_word' id='word_1_76' title='bbox 759 1418 766 1468; x_wconf 90' lang='lat'>;</span> <span class='ocrx_word' id='word_1_77' title='bbox 791 1407 820 1454; x_wconf 89' lang='lat' dir='ltr'>et</span> <span class='ocrx_word' id='word_1_78' title='bbox 840 1408 871 1455; x_wconf 89' lang='lat' dir='ltr'>ut</span> <span class='ocrx_word' id='word_1_79' title='bbox 890 1417 1013 1473; x_wconf 89' lang='lat' dir='ltr'>corpora</span> <span class='ocrx_word' id='word_1_80' title='bbox 1032 1409 1131 1456; x_wconf 88' lang='lat' dir='ltr'>nostra</span> 
     </span>
     <span class='ocr_line' id='line_1_12' title="bbox 177 1490 1130 1568; baseline 0.004 -20"><span class='ocrx_word' id='word_1_81' title='bbox 177 1493 255 1550; x_wconf 91' lang='lat' dir='ltr'>lente</span> <span class='ocrx_word' id='word_1_82' title='bbox 274 1503 444 1567; x_wconf 79' lang='lat' dir='ltr'>augescunt,</span> <span class='ocrx_word' id='word_1_83' title='bbox 462 1491 521 1550; x_wconf 93' lang='lat' dir='ltr'>cito</span> <span class='ocrx_word' id='word_1_84' title='bbox 541 1490 757 1568; x_wconf 78' lang='lat' dir='ltr'>extinguuntur,</span> <span class='ocrx_word' id='word_1_85' title='bbox 775 1490 816 1549; x_wconf 90' lang='lat' dir='ltr'>sic</span> <span class='ocrx_word' id='word_1_86' title='bbox 837 1490 953 1566; x_wconf 87' lang='lat' dir='ltr'>ingenia</span> <span class='ocrx_word' id='word_1_87' title='bbox 973 1490 1130 1568; x_wconf 89' lang='lat' dir='ltr'>studiaque</span> 
     </span>
     <span class='ocr_line' id='line_1_13' title="bbox 176 1583 1129 1662; baseline 0.001 -19"><span class='ocrx_word' id='word_1_88' title='bbox 176 1584 355 1662; x_wconf 83' lang='lat' dir='ltr'>oppresseris</span> <span class='ocrx_word' id='word_1_89' title='bbox 370 1585 483 1643; x_wconf 82' lang='lat' dir='ltr'>facilius</span> <span class='ocrx_word' id='word_1_90' title='bbox 498 1604 586 1659; x_wconf 89' lang='lat' dir='ltr'>quam</span> <span class='ocrx_word' id='word_1_91' title='bbox 604 1584 798 1654; x_wconf 79' lang='lat' dir='ltr'>revocaveris:</span> <span class='ocrx_word' id='word_1_92' title='bbox 821 1583 899 1643; x_wconf 88' lang='lat' dir='ltr'>subit</span> <span class='ocrx_word' id='word_1_93' title='bbox 915 1585 1026 1662; x_wconf 82' lang='lat' dir='ltr'>quippe</span> <span class='ocrx_word' id='word_1_94' title='bbox 1040 1585 1129 1644; x_wconf 91' lang='lat' dir='ltr'>etiam</span> 
     </span>
     <span class='ocr_line' id='line_1_14' title="bbox 176 1677 1129 1784; baseline 0.002 -48"><span class='ocrx_word' id='word_1_95' title='bbox 176 1679 267 1756; x_wconf 92' lang='lat' dir='ltr'>ipsius</span> <span class='ocrx_word' id='word_1_96' title='bbox 287 1678 407 1737; x_wconf 89' lang='lat' dir='ltr'>inertiae</span> <span class='ocrx_word' id='word_1_97' title='bbox 426 1679 562 1748; x_wconf 90' lang='lat' dir='ltr'>dulced0,</span> <span class='ocrx_word' id='word_1_98' title='bbox 579 1691 608 1736; x_wconf 93' lang='lat' dir='ltr'>et</span> <span class='ocrx_word' id='word_1_99' title='bbox 627 1677 833 1784; x_wconf 49' lang='lat' dir='ltr'>invwo</span> <span class='ocrx_word' id='word_1_100' title='bbox 848 1679 962 1737; x_wconf 89' lang='lat' dir='ltr'>desidia</span> <span class='ocrx_word' id='word_1_101' title='bbox 979 1689 1129 1754; x_wconf 75' lang='lat' dir='ltr'>postremo</span> 
     </span>
     <span class='ocr_line' id='line_1_15' title="bbox 175 1771 1153 1847; baseline 0.003 -16"><span class='ocrx_word' id='word_1_102' title='bbox 175 1785 297 1831; x_wconf 88' lang='lat' dir='ltr'>amatur.</span> <span class='ocrx_word' id='word_1_103' title='bbox 342 1772 442 1846; x_wconf 89' lang='lat' dir='ltr'>Quid?</span> <span class='ocrx_word' id='word_1_104' title='bbox 469 1772 493 1830; x_wconf 91' lang='lat' dir='ltr'>si</span> <span class='ocrx_word' id='word_1_105' title='bbox 520 1791 571 1847; x_wconf 91' lang='lat' dir='ltr'>per</span> <span class='ocrx_word' id='word_1_106' title='bbox 593 1771 764 1846; x_wconf 85' lang='lat' dir='ltr'>quindecim</span> <span class='ocrx_word' id='word_1_107' title='bbox 790 1792 893 1844; x_wconf 90' lang='lat' dir='ltr'>annos,</span> <span class='ocrx_word' id='word_1_108' title='bbox 918 1773 1029 1847; x_wconf 85' lang='lat' dir='ltr'>grande</span> <span class='ocrx_word' id='word_1_109' title='bbox 1055 1792 1153 1834; x_wconf 77' lang='lat' dir='ltr'>mor-a</span> 
     </span>
     <span class='ocr_line' id='line_1_16' title="bbox 175 1864 1128 1942; baseline 0.001 -17"><span class='ocrx_word' id='word_1_110' title='bbox 175 1867 240 1925; x_wconf 91' lang='lat' dir='ltr'>talis</span> <span class='ocrx_word' id='word_1_111' title='bbox 258 1864 321 1926; x_wconf 91' lang='lat' dir='ltr'>aevi</span> <span class='ocrx_word' id='word_1_112' title='bbox 341 1866 476 1942; x_wconf 90' lang='lat' dir='ltr'>spatium,</span> <span class='ocrx_word' id='word_1_113' title='bbox 497 1865 581 1923; x_wconf 94' lang='lat' dir='ltr'>multi</span> <span class='ocrx_word' id='word_1_114' title='bbox 601 1864 726 1923; x_wconf 85' lang='lat' dir='ltr'>fortuitis</span> <span class='ocrx_word' id='word_1_115' title='bbox 744 1865 869 1937; x_wconf 77' lang='lat' dir='ltr'>casibuS,</span> <span class='ocrx_word' id='word_1_116' title='bbox 891 1866 1128 1942; x_wconf 89' lang='lat' dir='ltr'>promptissimus</span> 
     </span>
     <span class='ocr_line' id='line_1_17' title="bbox 174 1958 1129 2036; baseline 0 -17"><span class='ocrx_word' id='word_1_117' title='bbox 174 1960 300 2036; x_wconf 90' lang='lat' dir='ltr'>quisque</span> <span class='ocrx_word' id='word_1_118' title='bbox 323 1959 442 2019; x_wconf 92' lang='lat' dir='ltr'>saevitia</span> <span class='ocrx_word' id='word_1_119' title='bbox 463 1958 603 2035; x_wconf 91' lang='lat' dir='ltr'>principis</span> <span class='ocrx_word' id='word_1_120' title='bbox 625 1958 843 2030; x_wconf 86' lang='lat' dir='ltr'>interciderunt,</span> <span class='ocrx_word' id='word_1_121' title='bbox 867 1959 954 2036; x_wconf 66' lang='lat' dir='ltr'>pauci</span> <span class='ocrx_word' id='word_1_122' title='bbox 977 1971 1013 2031; x_wconf 90' lang='lat' dir='ltr'>et,</span> <span class='ocrx_word' id='word_1_123' title='bbox 1036 1973 1067 2019; x_wconf 93' lang='lat' dir='ltr'>ut</span> <span class='ocrx_word' id='word_1_124' title='bbox 1089 1961 1129 2019; x_wconf 88' lang='lat' dir='ltr'>ita</span> 
     </span>
     <span class='ocr_line' id='line_1_18' title="bbox 175 2051 1127 2130; baseline 0 -16"><span class='ocrx_word' id='word_1_125' title='bbox 175 2054 305 2128; x_wconf 86' lang='lat' dir='ltr'>dixerim,</span> <span class='ocrx_word' id='word_1_126' title='bbox 327 2075 386 2114; x_wconf 90' lang='lat' dir='ltr'>non</span> <span class='ocrx_word' id='word_1_127' title='bbox 407 2055 498 2112; x_wconf 92' lang='lat' dir='ltr'>modo</span> <span class='ocrx_word' id='word_1_128' title='bbox 518 2052 642 2111; x_wconf 93' lang='lat' dir='ltr'>aliorum</span> <span class='ocrx_word' id='word_1_129' title='bbox 663 2053 715 2111; x_wconf 89' lang='lat' dir='ltr'>sed</span> <span class='ocrx_word' id='word_1_130' title='bbox 735 2051 823 2111; x_wconf 86' lang='lat' dir='ltr'>etiam</span> <span class='ocrx_word' id='word_1_131' title='bbox 844 2052 935 2117; x_wconf 76' lang='lat' dir='ltr'>nostri</span> <span class='ocrx_word' id='word_1_132' title='bbox 958 2055 1127 2130; x_wconf 87' lang='lat' dir='ltr'>superstites</span> 
     </span>
     <span class='ocr_line' id='line_1_19' title="bbox 174 2146 1128 2225; baseline 0 -18"><span class='ocrx_word' id='word_1_133' title='bbox 174 2169 284 2220; x_wconf 90' lang='lat' dir='ltr'>sumus,</span> <span class='ocrx_word' id='word_1_134' title='bbox 306 2149 449 2225; x_wconf 90' lang='lat' dir='ltr'>exemptis</span> <span class='ocrx_word' id='word_1_135' title='bbox 471 2168 487 2206; x_wconf 91' lang='lat' dir='ltr'>e</span> <span class='ocrx_word' id='word_1_136' title='bbox 510 2146 608 2205; x_wconf 91' lang='lat' dir='ltr'>media</span> <span class='ocrx_word' id='word_1_137' title='bbox 627 2147 686 2205; x_wconf 90' lang='lat' dir='ltr'>vita</span> <span class='ocrx_word' id='word_1_138' title='bbox 707 2157 751 2204; x_wconf 93' lang='lat' dir='ltr'>tot</span> <span class='ocrx_word' id='word_1_139' title='bbox 770 2146 863 2219; x_wconf 91' lang='lat' dir='ltr'>annis,</span> <span class='ocrx_word' id='word_1_140' title='bbox 881 2146 988 2222; x_wconf 91' lang='lat' dir='ltr'>quibus</span> <span class='ocrx_word' id='word_1_141' title='bbox 1007 2148 1128 2208; x_wconf 90' lang='lat' dir='ltr'>iuvenes</span> 
     </span>
     <span class='ocr_line' id='line_1_20' title="bbox 173 2240 1127 2317; baseline -0.001 -16"><span class='ocrx_word' id='word_1_142' title='bbox 173 2245 212 2302; x_wconf 92' lang='lat' dir='ltr'>ad</span> <span class='ocrx_word' id='word_1_143' title='bbox 231 2254 423 2315; x_wconf 86' lang='lat' dir='ltr'>senectutem,</span> <span class='ocrx_word' id='word_1_144' title='bbox 442 2262 527 2301; x_wconf 88' lang='lat' dir='ltr'>senes</span> <span class='ocrx_word' id='word_1_145' title='bbox 546 2261 638 2317; x_wconf 90' lang='lat' dir='ltr'>prope</span> <span class='ocrx_word' id='word_1_146' title='bbox 657 2242 696 2300; x_wconf 92' lang='lat' dir='ltr'>ad</span> <span class='ocrx_word' id='word_1_147' title='bbox 713 2240 793 2317; x_wconf 88' lang='lat' dir='ltr'>ipsos</span> <span class='ocrx_word' id='word_1_148' title='bbox 813 2253 932 2300; x_wconf 87' lang='lat' dir='ltr'>exactae</span> <span class='ocrx_word' id='word_1_149' title='bbox 953 2241 1056 2300; x_wconf 88' lang='lat' dir='ltr'>aetatis</span> <span class='ocrx_word' id='word_1_150' title='bbox 1075 2254 1127 2300; x_wconf 90' lang='lat' dir='ltr'>ter-</span> 
     </span>
     <span class='ocr_line' id='line_1_21' title="bbox 174 2335 1151 2430; baseline -0.001 -36"><span class='ocrx_word' id='word_1_151' title='bbox 174 2337 345 2424; x_wconf 48' lang='lat' dir='ltr'>minospper</span> <span class='ocrx_word' id='word_1_152' title='bbox 368 2336 517 2395; x_wconf 89' lang='lat' dir='ltr'>silentium</span> <span class='ocrx_word' id='word_1_153' title='bbox 528 2335 682 2430; x_wconf 42' lang='lat' dir='ltr'>qvenimus.</span> <span class='ocrx_word' id='word_1_154' title='bbox 731 2336 801 2392; x_wconf 91' lang='lat' dir='ltr'>Non</span> <span class='ocrx_word' id='word_1_155' title='bbox 825 2346 923 2393; x_wconf 92' lang='lat' dir='ltr'>tamen</span> <span class='ocrx_word' id='word_1_156' title='bbox 947 2335 1058 2412; x_wconf 81' lang='lat' dir='ltr'>pigebit</span> <span class='ocrx_word' id='word_1_157' title='bbox 1082 2338 1151 2402; x_wconf 69' lang='lat' dir='ltr'>vela</span> 
     </span>
     <span class='ocr_line' id='line_1_22' title="bbox 172 2428 1127 2505; baseline -0.001 -17"><span class='ocrx_word' id='word_1_158' title='bbox 172 2430 327 2489; x_wconf 90' lang='lat' dir='ltr'>incondita</span> <span class='ocrx_word' id='word_1_159' title='bbox 351 2451 386 2489; x_wconf 92' lang='lat' dir='ltr'>ac</span> <span class='ocrx_word' id='word_1_160' title='bbox 410 2431 476 2489; x_wconf 89' lang='lat' dir='ltr'>rudi</span> <span class='ocrx_word' id='word_1_161' title='bbox 501 2449 574 2488; x_wconf 90' lang='lat' dir='ltr'>voce</span> <span class='ocrx_word' id='word_1_162' title='bbox 600 2429 773 2487; x_wconf 88' lang='lat' dir='ltr'>memoriam</span> <span class='ocrx_word' id='word_1_163' title='bbox 796 2428 899 2505; x_wconf 88' lang='lat' dir='ltr'>prioris</span> <span class='ocrx_word' id='word_1_164' title='bbox 925 2429 1069 2487; x_wconf 91' lang='lat' dir='ltr'>servitutis</span> <span class='ocrx_word' id='word_1_165' title='bbox 1092 2449 1127 2487; x_wconf 91' lang='lat' dir='ltr'>ac</span> 
     </span>
     <span class='ocr_line' id='line_1_23' title="bbox 172 2521 1151 2610; baseline -0.003 -27"><span class='ocrx_word' id='word_1_166' title='bbox 172 2525 374 2583; x_wconf 89' lang='lat' dir='ltr'>testimonium</span> <span class='ocrx_word' id='word_1_167' title='bbox 401 2523 600 2601; x_wconf 87' lang='lat' dir='ltr'>praesentium</span> <span class='ocrx_word' id='word_1_168' title='bbox 626 2523 772 2610; x_wconf 84' lang='lat' dir='ltr'>bonorum</span> <span class='ocrx_word' id='word_1_169' title='bbox 802 2521 1012 2598; x_wconf 88' lang='lat' dir='ltr'>composuisse.</span> <span class='ocrx_word' id='word_1_170' title='bbox 1066 2522 1151 2587; x_wconf 84' lang='lat' dir='ltr'>Hic4</span> 
     </span>
     <span class='ocr_line' id='line_1_24' title="bbox 172 2604 1127 2710; baseline -0.002 -34"><span class='ocrx_word' id='word_1_171' title='bbox 172 2619 289 2677; x_wconf 89' lang='lat' dir='ltr'>interim</span> <span class='ocrx_word' id='word_1_172' title='bbox 304 2604 378 2677; x_wconf 86' lang='lat' dir='ltr'>liber</span> <span class='ocrx_word' id='word_1_173' title='bbox 392 2619 497 2677; x_wconf 91' lang='lat' dir='ltr'>honori</span> <span class='ocrx_word' id='word_1_174' title='bbox 512 2617 779 2710; x_wconf 48' lang='lat' dir='ltr'>Agricolae-soceri</span> <span class='ocrx_word' id='word_1_175' title='bbox 798 2617 855 2690; x_wconf 82' lang='lat' dir='ltr'>mei</span> <span class='ocrx_word' id='word_1_176' title='bbox 874 2616 1045 2688; x_wconf 71' lang='lat' dir='ltr'>destinatus</span> <span class='ocrx_word' id='word_1_177' title='bbox 1062 2636 1127 2692; x_wconf 92' lang='lat' dir='ltr'>pro-</span> 
     </span>
     <span class='ocr_line' id='line_1_25' title="bbox 172 2710 957 2788; baseline -0.003 -18"><span class='ocrx_word' id='word_1_178' title='bbox 172 2712 300 2770; x_wconf 89' lang='lat' dir='ltr'>fessione</span> <span class='ocrx_word' id='word_1_179' title='bbox 314 2712 430 2788; x_wconf 91' lang='lat' dir='ltr'>pietatis</span> <span class='ocrx_word' id='word_1_180' title='bbox 446 2725 495 2771; x_wconf 89' lang='lat' dir='ltr'>aut</span> <span class='ocrx_word' id='word_1_181' title='bbox 510 2713 646 2771; x_wconf 89' lang='lat' dir='ltr'>laudatus</span> <span class='ocrx_word' id='word_1_182' title='bbox 662 2710 715 2770; x_wconf 87' lang='lat' dir='ltr'>erit</span> <span class='ocrx_word' id='word_1_183' title='bbox 730 2724 781 2770; x_wconf 88' lang='lat' dir='ltr'>aut</span> <span class='ocrx_word' id='word_1_184' title='bbox 796 2721 957 2769; x_wconf 85' lang='lat' dir='ltr'>excusatus</span> 
     </span>
    </p>
   </div>
   <div class='ocr_carea' id='block_1_5' title="bbox 471 2994 827 3072">
    <p class='ocr_par' dir='ltr' id='par_1_5' title="bbox 471 2994 827 3072">
     <span class='ocr_line' id='line_1_26' title="bbox 471 2994 827 3072; baseline -0.008 -17"><span class='ocrx_word' id='word_1_185' title='bbox 471 2994 650 3072; x_wconf 86' lang='lat' dir='ltr'>Chapters</span> <span class='ocrx_word' id='word_1_186' title='bbox 675 2994 827 3054; x_wconf 90' lang='lat' dir='ltr'>1v.-1x.</span> 
     </span>
    </p>
   </div>
   <div class='ocr_carea' id='block_1_6' title="bbox 173 3103 1123 3282">
    <p class='ocr_par' dir='ltr' id='par_1_6' title="bbox 173 3103 1123 3282">
     <span class='ocr_line' id='line_1_27' title="bbox 173 3103 1123 3186; baseline -0.001 -18"><span class='ocrx_word' id='word_1_187' title='bbox 173 3103 251 3169; x_wconf 84' lang='lat' dir='ltr'>Life</span> <span class='ocrx_word' id='word_1_188' title='bbox 275 3109 315 3169; x_wconf 86' lang='lat' dir='ltr'>of</span> <span class='ocrx_word' id='word_1_189' title='bbox 333 3109 502 3185; x_wconf 87' lang='lat' dir='ltr'>Agricola</span> <span class='ocrx_word' id='word_1_190' title='bbox 523 3117 562 3169; x_wconf 91' lang='lat' dir='ltr'>to</span> <span class='ocrx_word' id='word_1_191' title='bbox 585 3109 643 3169; x_wconf 92' lang='lat' dir='ltr'>his</span> <span class='ocrx_word' id='word_1_192' title='bbox 667 3108 921 3186; x_wconf 85' lang='lat' dir='ltr'>appointment</span> <span class='ocrx_word' id='word_1_193' title='bbox 944 3125 984 3167; x_wconf 90' lang='lat' dir='ltr'>as</span> <span class='ocrx_word' id='word_1_194' title='bbox 1007 3106 1123 3182; x_wconf 86' lang='lat' dir='ltr'>legate</span> 
     </span>
     <span class='ocr_line' id='line_1_28' title="bbox 414 3202 882 3282; baseline 0.002 -21"><span class='ocrx_word' id='word_1_195' title='bbox 414 3203 453 3261; x_wconf 87' lang='lat' dir='ltr'>of</span> <span class='ocrx_word' id='word_1_196' title='bbox 473 3203 621 3263; x_wconf 89' lang='lat' dir='ltr'>Britain.</span> <span class='ocrx_word' id='word_1_197' title='bbox 668 3205 740 3282; x_wconf 69' lang='lat' dir='ltr'>(aa.</span> <span class='ocrx_word' id='word_1_198' title='bbox 758 3202 882 3280; x_wconf 83' lang='lat'><strong>40-78.)</strong></span> 
     </span>
    </p>
   </div>
   <div class='ocr_carea' id='block_1_7' title="bbox 172 3334 1126 3490">
    <p class='ocr_par' dir='ltr' id='par_1_7' title="bbox 172 3334 1126 3490">
     <span class='ocr_line' id='line_1_29' title="bbox 172 3334 1126 3408; baseline -0.004 -19"><span class='ocrx_word' id='word_1_199' title='bbox 172 3337 336 3408; x_wconf 77' lang='lat' dir='ltr'>Parentoge,</span> <span class='ocrx_word' id='word_1_200' title='bbox 350 3338 500 3392; x_wconf 62' lang='lat' dir='ltr'>,educatz&#39;on</span> <span class='ocrx_word' id='word_1_201' title='bbox 518 3345 550 3390; x_wconf 86' lang='lat' dir='ltr'>ot</span> <span class='ocrx_word' id='word_1_202' title='bbox 569 3338 648 3390; x_wconf 76' lang='lat' dir='ltr'>home</span> <span class='ocrx_word' id='word_1_203' title='bbox 668 3338 727 3390; x_wconf 86' lang='lat' dir='ltr'>ond</span> <span class='ocrx_word' id='word_1_204' title='bbox 745 3337 896 3399; x_wconf 73' lang='lat' dir='ltr'>Mamilio,-</span> <span class='ocrx_word' id='word_1_205' title='bbox 919 3336 953 3387; x_wconf 77' lang='lat' dir='ltr'>lte</span> <span class='ocrx_word' id='word_1_206' title='bbox 970 3335 1063 3388; x_wconf 76' lang='lat' dir='ltr'>checks</span> <span class='ocrx_word' id='word_1_207' title='bbox 1080 3334 1126 3385; x_wconf 80' lang='lat' dir='ltr'>his</span> 
     </span>
     <span class='ocr_line' id='line_1_30' title="bbox 223 3416 1068 3490; baseline -0.005 -17"><span class='ocrx_word' id='word_1_208' title='bbox 223 3422 353 3490; x_wconf 81' lang='lat' dir='ltr'>tendency</span> <span class='ocrx_word' id='word_1_209' title='bbox 365 3427 392 3473; x_wconf 83' lang='lat' dir='ltr'>to</span> <span class='ocrx_word' id='word_1_210' title='bbox 404 3423 539 3474; x_wconf 77' lang='lat' dir='ltr'>excessive</span> <span class='ocrx_word' id='word_1_211' title='bbox 552 3422 613 3474; x_wconf 83' lang='lat' dir='ltr'>love</span> <span class='ocrx_word' id='word_1_212' title='bbox 626 3421 661 3490; x_wconf 80' lang='lat' dir='ltr'>os</span> <span class='ocrx_word' id='word_1_213' title='bbox 662 3419 838 3490; x_wconf 75' lang='lat' dir='ltr'>philosophy.</span> <span class='ocrx_word' id='word_1_214' title='bbox 876 3419 945 3486; x_wconf 65' lang='lat' dir='ltr'>(Ab.</span> <span class='ocrx_word' id='word_1_215' title='bbox 960 3416 1068 3486; x_wconf 80' lang='lat'>40-58.)</span> 
     </span>
    </p>
   </div>
   <div class='ocr_carea' id='block_1_8' title="bbox 171 3546 1148 3720">
    <p class='ocr_par' dir='ltr' id='par_1_8' title="bbox 171 3546 1148 3720">
     <span class='ocr_line' id='line_1_31' title="bbox 210 3546 1148 3628; baseline -0.005 -20"><span class='ocrx_word' id='word_1_216' title='bbox 210 3548 238 3608; x_wconf 88' lang='lat'>4.</span> <span class='ocrx_word' id='word_1_217' title='bbox 262 3554 383 3612; x_wconf 89' lang='lat' dir='ltr'>Gnaeus</span> <span class='ocrx_word' id='word_1_218' title='bbox 410 3552 503 3611; x_wconf 90' lang='lat' dir='ltr'>Iulius</span> <span class='ocrx_word' id='word_1_219' title='bbox 524 3552 669 3628; x_wconf 85' lang='lat' dir='ltr'>Agricola,</span> <span class='ocrx_word' id='word_1_220' title='bbox 693 3563 790 3610; x_wconf 87' lang='lat' dir='ltr'>vetere</span> <span class='ocrx_word' id='word_1_221' title='bbox 813 3561 843 3609; x_wconf 91' lang='lat' dir='ltr'>et</span> <span class='ocrx_word' id='word_1_222' title='bbox 866 3546 980 3608; x_wconf 90' lang='lat' dir='ltr'>inlustri</span> <span class='ocrx_word' id='word_1_223' title='bbox 1006 3546 1148 3617; x_wconf 76' lang='lat' dir='ltr'>Forma-1</span> 
     </span>
     <span class='ocr_line' id='line_1_32' title="bbox 171 3642 1122 3720; baseline -0.004 -19"><span class='ocrx_word' id='word_1_224' title='bbox 171 3642 307 3702; x_wconf 91' lang='lat' dir='ltr'>liensium</span> <span class='ocrx_word' id='word_1_225' title='bbox 336 3646 453 3704; x_wconf 90' lang='lat' dir='ltr'>colonia</span> <span class='ocrx_word' id='word_1_226' title='bbox 472 3657 569 3718; x_wconf 80' lang='lat' dir='ltr'>ortus,</span> <span class='ocrx_word' id='word_1_227' title='bbox 600 3657 758 3720; x_wconf 89' lang='lat' dir='ltr'>utrumque</span> <span class='ocrx_word' id='word_1_228' title='bbox 785 3663 874 3702; x_wconf 89' lang='lat' dir='ltr'>avum</span> <span class='ocrx_word' id='word_1_229' title='bbox 902 3652 1122 3718; x_wconf 88' lang='lat' dir='ltr'>procuratorem</span> 
     </span>
    </p>
   </div>
   <div class='ocr_carea' id='block_1_9' title="bbox 0 0 1374 4134">
    <p class='ocr_par' dir='ltr' id='par_1_9' title="bbox 0 0 1374 4134">
     <span class='ocr_line' id='line_1_33' title="bbox 0 0 1374 4134; baseline 0 3"><span class='ocrx_word' id='word_1_230' title='bbox 0 0 1374 4134; x_wconf 95' lang='lat' dir='ltr'> </span> 
     </span>
    </p>
   </div>
  </div>
 </body>
</html>
