2738 4134
571 316 737 364 nourcouu.
1098 315 1128 371 55

176 446 205 499 A
203 449 314 516 gn'cola
332 451 357 501 is
369 450 516 519 privately
530 451 690 519 persuaded
702 450 735 519 by
747 450 917 502 Domz'tian’s
934 451 1091 502 emissan‘es
1103 455 1131 502 to

239 531 327 601 surgo
344 532 390 585 lrz's
408 532 493 586 claim
512 538 539 585 to
556 533 601 585 tlte
613 534 812 601 proconsulatu
830 532 861 600 os
878 532 951 585 Aria
967 549 1001 585 or
1019 532 1128 602 Asn'ca.

247 615 305 666 His
323 616 439 669 conduct
455 615 548 668 shows
565 617 629 668 how
642 621 728 686 great
742 633 803 669 rnen
819 632 883 684 rnay
898 615 956 668 live
974 616 1065 668 under
1078 616 1135 669 bad

241 699 361 766 princes.

216 815 264 878 42.
288 820 399 879 Aderat
419 819 477 877 iam
499 839 603 891 annus,
620 838 681 896 quo
703 821 944 895 proconsulatum
964 820 1082 879 Africae
1101 831 1153 880 etr

175 912 265 971 Asiae
291 913 448 986 sortiretur,
473 924 502 973 et
527 913 627 972 occiso
653 912 755 973 Civica
778 932 872 989 nuper
897 934 952 972 nec
975 913 1130 990 Agricolae

176 1007 333 1066 consilium
354 1009 454 1068 deerat
475 1028 532 1068 nec
554 1007 729 1067 Domitiano
748 1010 925 1084 exemplum.
969 1010 1130 1068 Accessere

176 1101 298 1176 quidam
320 1101 533 1178 cogitationum
554 1100 695 1179 principis
716 1101 808 1177 periti,
828 1100 880 1177 qui
901 1101 1032 1160 iturusne
1053 1112 1130 1160 esset

176 1192 207 1252 in
225 1194 408 1270 provinciam
426 1198 502 1255 ultro
520 1195 689 1272 Agricolam
707 1195 925 1272 interrogarent.
969 1197 1015 1254 Ac
1035 1196 1153 1271 primos

176 1289 320 1347 occultius
342 1288 472 1364 quietem
494 1300 523 1348 et
546 1288 640 1347 otium
661 1289 788 1361 laudare,
813 1308 881 1347 mox
904 1308 1023 1365 operam
1046 1309 1129 1349 suam

175 1379 206 1438 in
231 1382 426 1458 adprobanda
453 1383 643 1442 excusatione
667 1384 779 1454 offerre,
805 1393 956 1458 postremo
984 1402 1045 1441 non
1069 1382 1128 1441 iam

175 1474 294 1535 obscuri
309 1477 468 1535 suadentes
483 1477 570 1536 simul
582 1487 783 1552 terrentesque
797 1487 961 1552 pertraxere
976 1478 1014 1535 ad
1027 1476 1127 1535 Domi·
1159 1481 1322 1582 mmm

175 1567 298 1628 tianum.
342 1569 402 1643 Qui
423 1582 541 1646 paratus
563 1569 759 1643 simulatione,
775 1569 806 1628 in
827 1569 1152 1646 adrogantiam-3

175 1662 297 1738 positus,
324 1673 353 1722 et
376 1663 469 1723 audiit
493 1682 596 1740 preces
621 1663 786 1723 excusantis
810 1674 847 1736 et,
873 1682 941 1722 cum
966 1662 1127 1736 adnuisset,

175 1756 222 1832 agi
243 1757 299 1816 sibi
320 1757 425 1834 gratias
445 1777 549 1834 passus
568 1768 621 1830 est,
638 1777 695 1816 nec
712 1757 834 1816 erubuit
850 1757 987 1816 beneficii
1008 1757 1126 1816 invidia

175 1850 318 1910 Salarium
344 1862 443 1910 tamen
468 1852 638 1928 proconsuli
663 1851 809 1910 consulari
834 1850 953 1910 solitum
979 1851 1074 1910 offerri
1099 1862 1128 1910 et

174 1944 352 2018 quibusdam
379 1965 396 2003 a
420 1964 452 2004 se
476 1945 541 2020 ipso
566 1964 741 2004 concessum
767 1944 922 2021 Agricolae
948 1963 1009 2002 non
1035 1944 1125 2017 dedit,

174 2036 235 2096 sive
258 2039 386 2098 offensus
409 2058 469 2097 non
491 2038 551 2115 peti
587 2059 624 2110 m,
657 2038 703 2097 ive
724 2059 759 2097 ex
780 2036 968 2111 conscientia,
985 2057 1023 2096 ne
1045 2029 1127 2114 quod

173 2141 305 2190 vetuerat
319 2132 467 2191 videretur
484 2050 798 2208 emismroprium
816 2132 938 2190 humani
957 2130 1065 2208 ingenii
1084 2143 1152 2192 este

173 2224 273 2283 odisse
288 2244 377 2301 quem
392 2225 522 2285 laeseris:
546 2225 710 2284 Domitiani
727 2244 797 2284 vero
814 2235 917 2283 natura
938 2244 1079 2302 praeceps
1097 2225 1127 2284 in

173 2317 255 2390 iram,
278 2330 308 2377 et
332 2339 393 2395 quo
419 2319 578 2391 obscurior,
604 2339 641 2378 eo
666 2318 905 2391 inrevocabiliort
923 2320 1127 2378 moderatione

173 2421 274 2470 tamen
292 2413 508 2489 prudentiaque
527 2412 682 2489 Agricolae
704 2411 874 2483 leniebatur,
892 2411 961 2487 quia
979 2432 1040 2470 non
1059 2432 1128 2472 con-

173 2505 303 2564 tumacia
317 2525 415 2582 neque
430 2506 510 2565 inani
526 2506 683 2566 iactatione
698 2505 839 2565 libertatis
853 2506 962 2564 samam
971 2503 1128 2581 latumque
1165 2544 1168 2553 ι
1185 2519 1269 2563 *tut
1312 2529 1323 2547 ··

173 2599 362 2675 provocabat.
420 2600 528 2674 Sciant,
559 2599 668 2676 quibus
697 2599 786 2658 moris
815 2610 859 2659 est
884 2598 1003 2667 inlicita
1021 2598 1152 2672 miraris

173 2713 261 2770 posse
286 2694 374 2752 etiam
400 2694 457 2753 sub
482 2693 565 2752 malis
593 2692 774 2770 principibus
800 2712 923 2769 magnos
947 2693 1024 2751 viros
1053 2712 1125 2766 esse,

173 2786 412 2863 obsequiumque
426 2807 461 2846 ac
476 2787 662 2858 modestiam,
679 2786 702 2846 si
718 2787 862 2846 industria
875 2806 910 2846 ac
924 2787 1006 2863 vigor
1019 2785 1125 2858 adsint,

97 2883 119 2920 ⁸·
173 2901 210 2942 eo
235 2882 331 2941 laudis
359 2884 508 2954 excedere,
535 2901 596 2957 quo
620 2881 753 2957 plerique
777 2899 830 2956 per
857 2880 988 2955 abrupta,
1015 2881 1069 2939 sed
1097 2879 1127 2938 in

173 2976 288 3034 nullum
304 2975 344 3034 rei
358 2975 495 3051 publicae
509 2994 604 3047 usum,
621 2973 778 3034 ambitiosa
792 2984 887 3033 morte
901 2974 1107 3033 inclaruerunt.

209 3157 267 3210 lat
280 3156 336 3209 last
347 3157 460 3220 illnesr,·
478 3157 649 3209 Domitian’s
660 3156 863 3225 eagernesssor
872 3172 950 3209 news
960 3159 1063 3208 acates
1074 3173 1093 3206 a

309 3238 475 3309 'sususpicion
488 3240 684 3310 ospoisoning.
721 3239 749 3292 Α
747 3239 880 3308 gricola's
892 3238 962 3292 will.

214 3359 262 3420 43.
287 3361 367 3420 Finis
385 3360 462 3420 vitae
481 3359 543 3419 eius
558 3359 645 3419 nobis
665 3361 825 3432 luctuosus
845 3358 947 3418 amicis
968 3356 1065 3430 tristis,
1082 3375 1151 3420 ex-1

76 3513 86 3523 ,
173 3455 281 3514 traneis
296 3451 385 3514 etia'm
400 3454 568 3532 ignotisque
584 3473 645 3512 non
660 3453 723 3513 sine
738 3473 808 3513 cura
822 3452 883 3512 tuit.
928 3454 1041 3529 Vulgus
1056 3471 1127 3528 quo

174 3567 233 3625 que
251 3559 280 3608 et
297 3549 346 3606 hic
363 3547 444 3607 aliud
461 3566 550 3624 agens
567 3549 696 3624 populus
710 3557 740 3606 et
754 3545 933 3606 ventitavere
947 3546 986 3605 ad
1001 3547 1127 3604 domum
