2738 4134
545 334 710 379 ncmcorn.
1068 339 1101 396 35

150 467 338 544 validamque
358 479 387 528 et
406 489 571 547 pugnacem
592 471 719 530 Silurum
739 482 857 548 gentem
874 473 962 532 armis
977 473 1099 550 subegit,

103 585 107 599 .
149 582 238 639 super
269 562 406 623 virtutem
438 565 568 623 hostium
601 566 734 624 locorum
766 585 887 642 quoque
915 567 1101 628 difficultates
1152 567 1154 570 ’

149 658 302 716 eluctatus

335 883 512 962 Chapters
543 886 915 948 XV111.-XXXV111.

201 1004 448 1065 Government
477 1005 549 1175 an(d
579 1013 779 1177 conque3ts
808 974 849 1066 oi
873 1006 1048 1082 Agricola.

529 1116 589 1157 nn.
615 1101 719 1172 78-84

164 1216 302 1285 Agricola
314 1219 425 1271 arrives
437 1218 468 1270 in
481 1217 679 1282 mz'dsummem·
696 1224 825 1287 conquest
836 1218 871 1288 of
876 1217 920 1272 the
935 1219 1084 1273 Ordovices

366 1300 428 1352 and
436 1304 549 1369 capture
562 1301 597 1370 os
602 1302 700 1354 Mona.
738 1302 812 1369 (Ab.
825 1300 879 1368 78.)

125 1397 134 1416 ⁶
188 1417 234 1479 18.
256 1421 349 1478 Hunc
365 1420 534 1481 Britanniae
549 1432 665 1494 statum,
678 1423 731 1481 has
746 1422 889 1482 bellorum
907 1423 985 1483 vices
1000 1424 1122 1491 media1

146 1511 205 1571 iam
224 1525 334 1574 aestate
355 1527 548 1592 transgressus
568 1515 706 1592 Agricola
723 1515 841 1589 invenit,
857 1536 926 1575 cum
945 1529 974 1576 et
991 1518 1098 1577 milites

145 1608 225 1667 velut
253 1610 362 1668 omissa
390 1607 578 1685 expeditione
602 1610 640 1669 ad
666 1609 851 1670 securitatem
877 1622 906 1670 et
934 1613 1034 1671 hostes
1059 1613 1098 1671 ad

145 1701 334 1761 occasionem
352 1714 539 1762 verterentur.
584 1704 767 1763 Ordovicum
785 1704 886 1763 civitas
905 1706 986 1764 haud
1004 1706 1122 1770 multon

28 1802 30 1811 '
62 1819 64 1826 ¹
144 1806 213 1854 ante
232 1798 394 1856 adventum
414 1797 476 1856 eius
495 1799 573 1856 alam
593 1796 622 1855 in
643 1799 752 1857 finibus
772 1798 831 1856 suis
851 1810 987 1876 agentern
1005 1819 1097 1876 prope

145 1889 310 1948 universam
331 1891 496 1966 obtriverat,
517 1911 614 1968 eoque
637 1891 720 1950 initio
740 1901 837 1950 erecta
856 1891 1014 1968 provincia.
1037 1895 1122 1960 ¹Etr

49 2044 54 2054 ,
92 1969 96 1974 ’
145 1982 253 2059 quibus
279 1977 391 2043 bellum⁴
418 1984 586 2043 volentibus
615 1997 683 2059 erat,
713 1979 838 2062 probare
867 1988 1033 2068 exemplum
1062 2007 1097 2046 ac

144 2076 270 2136 recentis
298 2078 385 2154 legati
410 2077 542 2136 animum
569 2079 703 2160 opperiri,
731 2099 800 2138 cum
825 2079 970 2156 Agricola,
997 2100 1097 2157 quam-

143 2190 233 2247 quam
248 2156 423 2231 ‘transvecta
444 2183 547 2244 aestaS,
572 2172 663 2249 sparsi
687 2193 740 2249 per
765 2173 947 2250 provinciam
973 2175 1095 2246 numeri,

143 2277 333 2343 praesumpta
351 2269 431 2343 apud
451 2265 574 2324 militem
595 2265 671 2326 illius
690 2267 760 2326 anni
776 2266 868 2343 quiea,
885 2269 968 2327 tarda
983 2279 1012 2327 et
1029 2287 1097 2327 con-

143 2359 229 2418 traria
248 2361 360 2420 bellum
381 2361 564 2434 incohatum,
586 2371 615 2420 et
634 2361 782 2437 plerisque
801 2360 942 2420 custodiri
961 2374 1097 2439 suspecta

143 2454 241 2540 potius
260 2454 423 2527 videbatur,
446 2455 488 2515 ire
510 2455 628 2515 obviarn
648 2454 810 2514 discrimini
832 2455 932 2514 statuit
938 2477 946 2528 3
967 2467 1097 2515 contrac-

143 2535 239 2623 tisqu'e
254 2548 404 2625 legionum
419 2549 529 2608 vexillis
544 2561 573 2608 et
592 2548 710 2607 modica
724 2548 897 2607 auxiliorum
914 2569 1011 2621 manu,
1026 2541 1097 2626 'quia

77 2651 82 2660 ’
143 2639 184 2700 in'
198 2661 327 2718 aequum
349 2641 470 2719 degredi
493 2643 656 2704 Ordovices
678 2662 738 2701 non
761 2643 920 2714 audebant,
944 2643 1007 2719 ipse
1028 2655 1097 2705 ante

143 2754 257 2811 agmen,
271 2755 332 2811 quo
347 2737 450 2795 ceteris
465 2755 517 2814 par
531 2736 647 2796 animus
663 2735 749 2794 simili
764 2735 894 2812 periculo
910 2749 994 2810 esset,
1008 2738 1097 2797 erexit

143 2826 245 2887 aciem.
294 2831 448 2906 Caesaque
480 2850 572 2907 prope
602 2829 737 2889 universa
764 2840 860 2906 gente,
890 2850 951 2889 non
981 2831 1122 2906 ignarusr

143 2919 314 2981 instandum
342 2925 438 2983 famae
462 2944 505 2995 ac,
532 2934 619 3001 prout
644 2913 741 3000 prima
766 2923 930 2996 cessissent,
956 2929 1096 2983 terrorem

142 3016 247 3074 ceteris
268 3017 337 3087 sore,
363 3019 488 3076 Monam
510 3016 645 3088 insulam,
665 3037 682 3076 a
704 3015 787 3075 cuius
809 3017 996 3093 possessione
1018 3037 1097 3077 revo-

67 3119 71 3126 '
143 3120 242 3168 catum
257 3110 415 3170 Paulinum
430 3111 590 3170 rebellione
605 3111 695 3170 totius
708 3110 876 3192 Britanniae
888 3095 976 3188 supra
987 3131 1097 3170 merno-

143 3203 210 3276 ravi,
227 3202 359 3281 redigere
380 3203 410 3263 in
432 3216 609 3282 potestatem
631 3205 731 3291 animo
751 3204 884 3264 intendit.
930 3206 998 3278 Sed,
1015 3217 1047 3264 ut
1067 3205 1096 3263 in
1191 3205 1194 3210 ’

143 3297 240 3357 dubiis
262 3297 406 3370 consiliis,
418 3318 507 3358 naves
526 3300 663 3358 deerant:
685 3295 759 3358 ratio
779 3309 808 3357 et
827 3297 993 3357 constantia
1012 3299 1097 3358 ducis
1161 3365 1164 3368 ,

51 3413 53 3420 ·
142 3392 307 3451 transvexit.
354 3391 504 3468 Depositis
528 3391 668 3452 omnibus
692 3391 812 3451 sarcinis
835 3391 1011 3451 lectissimos
1030 3412 1122 3460 aux-5
1201 3412 1203 3418 ’

142 3483 276 3558 iliarium,
297 3485 405 3562 quibus
428 3497 499 3545 nota
519 3487 595 3545 vada
617 3497 646 3545 et
667 3485 801 3563 proprius
824 3484 915 3543 nandi
936 3505 1014 3556 usus,
1036 3503 1097 3560 quo

143 3579 231 3658 simul
248 3599 339 3659 seque
359 3589 388 3639 et
404 3599 486 3642 arma
501 3589 532 3640 et
548 3599 642 3660 equos
656 3589 768 3656 regunt,
785 3577 826 3638 ita
840 3589 960 3655 repente
975 3575 1094 3650 inmisit,
