2738 4134
230 303 266 356 24
624 303 788 348 Aonrconn

230 451 259 498 et
278 439 442 513 silentium,
464 461 519 500 nec
538 441 617 500 enim
635 441 797 500 iurisdictio
816 441 983 500 obvenerat.
1028 443 1130 501 Ludos
1151 451 1180 500 et

230 532 328 591 inania
353 535 473 593 honoris
499 534 598 594 medio
624 533 836 594 moderationis
863 546 952 610 atque
980 535 1180 594 abundantiae

205 627 319 698 aduxit,
333 627 375 685 uti
390 629 478 704 longe
492 649 509 686 a
523 628 643 700 luxuria,
657 627 697 688 ita
711 629 807 687 famae
818 629 944 704 propior.
978 631 1057 686 Tum
1069 630 1180 687 electus

229 740 246 780 a
272 721 367 780 Galba
388 723 426 780 ad
451 723 531 780 dona
554 724 733 798 templorum
758 723 998 798 recognoscenda
1022 722 1180 798 diligentis-

228 814 303 872 sima
324 805 543 890 conquisitione
564 815 668 888 effecit,
692 835 731 874 ne
752 815 836 874 cuius
857 814 974 874 alterius
996 814 1179 892 sacrilegium

229 927 273 966 res
288 908 407 984 publica
421 927 510 984 quarn
527 907 654 967 Neronis
669 909 815 968 sensisset.

228 1047 321 1100 Deatlt
333 1048 418 1117 ofhz‘s
431 1050 543 1102 rrrotlzer.
575 1051 621 1102 He
630 1051 707 1118 jains
726 1049 891 1118 Vespasium·
908 1055 969 1101 sent
979 1050 1012 1117 by
1025 1047 1180 1102 Mucianus

298 1138 326 1184 to
344 1133 462 1185 Britain
484 1138 511 1185 to
532 1139 635 1185 restore
656 1133 701 1184 tlte
721 1133 865 1200 dascz'pline
883 1133 918 1201 (ff
931 1131 976 1184 tlte
993 1133 1059 1186 aoth
1079 1134 1177 1202 logion.

299 1215 369 1283 (ιω
384 1214 492 1282 saw.)

204 1338 218 1386 l
268 1319 294 1382 7.
319 1326 452 1399 Sequens
477 1344 572 1383 annus
596 1323 674 1400 gravi
697 1325 817 1383 vulnere
841 1325 972 1384 animum
995 1328 1178 1401 domumque

204 1417 290 1478 aelus
309 1417 428 1476 adflixit.
473 1419 552 1476 Nam
571 1419 672 1476 classis
691 1418 863 1478 Othoniana
881 1419 1002 1477 licenter
1017 1439 1088 1495 vaga
1106 1420 1178 1477 dum

230 1511 404 1571 Intimilium
417 1511 566 1590 (Liguriae
577 1531 643 1587 pars
655 1510 713 1588 est)
725 1511 868 1571 hostiliter
878 1515 1042 1588 populatur,
1055 1525 1178 1572 matrem

228 1606 382 1681 Agricolae
406 1605 435 1663 in
458 1606 585 1681 praediis
607 1605 667 1664 suis
688 1605 839 1677 interfecit,
863 1606 1041 1682 praediaque
1065 1607 1128 1683 ipsa
1150 1618 1179 1665 et

229 1719 366 1775 magnam
388 1699 556 1775 patrimonii
578 1711 692 1774 partem
714 1698 842 1775 diripuit,
866 1719 942 1774 quae
966 1720 1055 1758 causa
1079 1699 1178 1759 caedis

204 1780 336 1853 aluerat
373 1792 465 1868 Igitur
485 1794 524 1850 ad
548 1794 701 1851 sollemnia
724 1792 840 1869 pietatis
863 1794 1010 1869 profectus
1033 1794 1176 1868 Agricola,

228 1885 333 1943 nuntio
359 1885 497 1945 adsectati
525 1907 543 1944 a
567 1887 751 1962 Vespasiano
777 1886 890 1963 imperii
919 1888 1119 1962 deprehensus
1144 1907 1179 1946 ac

203 1979 326 2039 4statim
350 1978 379 2036 in
401 1992 498 2056 partes
519 1991 715 2056 transgressus
737 1992 788 2039 est.
833 1979 921 2038 Initia
942 1980 1121 2056 principatus
1144 2001 1179 2039 ac

228 2083 337 2132 statum
352 2073 431 2132 urbis
450 2074 609 2132 Mucianus
627 2074 752 2150 regebat,
770 2073 875 2132 iuvene
893 2075 1058 2133 admodum
1078 2075 1180 2133 Domi-

229 2166 308 2224 tiano
327 2178 355 2225 et
375 2187 411 2225 ex
429 2178 551 2243 paterna
572 2169 689 2225 fortuna
708 2177 822 2225 tantum
843 2166 991 2225 licentiam
1010 2180 1177 2244 usurpante.

203 2261 259 2320 tls
278 2261 401 2318 missum
420 2262 458 2319 ad
478 2259 603 2319 dilectus
622 2260 753 2335 agendos
769 2260 937 2335 Agricolam
956 2260 1126 2337 integreque
1144 2282 1179 2320 ac

228 2364 345 2412 strenue
365 2365 511 2412 versatum
530 2351 708 2411 vicensimae
728 2352 836 2428 legioni
858 2354 940 2411 tarde
959 2354 998 2411 ad
1017 2375 1179 2413 sacramen-

228 2458 290 2505 tum
308 2458 503 2522 transgressae
524 2446 699 2522 praeposuit,
716 2446 767 2504 ubi
786 2448 924 2505 decessor
941 2447 1080 2506 seditiose
1094 2468 1179 2523 agere

228 2541 410 2599 narrabatur:
432 2539 543 2616 quippe
561 2539 664 2616 legatis
679 2559 799 2616 quoque
819 2540 1022 2598 consularibus
1039 2538 1130 2598 nimia
1144 2560 1180 2599 ac

228 2635 418 2695 formidolosa
441 2644 509 2705 erat,
526 2653 582 2692 nec
603 2634 716 2710 legatus
738 2633 898 2709 praetorius
918 2635 956 2692 ad
976 2633 1179 2692 cohibendum

204 2741 341 2805 epotenS,
358 2729 503 2788 incertum
521 2748 576 2787 suo
593 2748 631 2787 an
651 2727 777 2787 militum
795 2726 922 2804 ingenio.
967 2728 1014 2786 Ita
1028 2748 1181 2787 successor

228 2823 315 2882 simul
331 2834 359 2882 et
374 2824 451 2881 ultor
465 2823 577 2881 electus
591 2820 737 2881 rarissima
752 2820 956 2881 moderatione
971 2821 1074 2880 maluit
1088 2821 1180 2882 videri

228 2915 374 2975 invenisse
389 2916 485 2974 bonos
501 2933 590 2991 quam
606 2914 717 2974 fecisse.

228 3049 341 3102 Servz'ce
353 3048 384 3101 in
400 3047 518 3101 Britain
531 3047 623 3100 under
630 3047 758 3100 Bolanus
767 3047 828 3100 and
838 3047 964 3102 Certant.
990 3047 1060 3116 (nt).
1072 3061 1140 3114 7o-7
1144 3048 1179 3116 3.)

204 3185 218 3228 1
267 3159 294 3220 8.
319 3162 455 3219 Praeerat
473 3170 546 3219 tnnc
564 3159 733 3219 Britanniae
747 3159 865 3219 Vettius
880 3163 1019 3234 Bolanus,
1035 3161 1180 3239 placidius

227 3273 318 3330 quam
333 3253 423 3313 feroci
440 3253 592 3331 provincia
606 3252 729 3330 dignum
744 3265 795 3313 est.
839 3255 1029 3331 Temperavit
1042 3255 1181 3332 Agricola

227 3347 286 3409 vim
302 3369 386 3409 suam
401 3349 596 3425 ardoremque
610 3348 801 3425 compescuit,
819 3367 856 3407 ne
871 3348 1054 3422 incresceret,
1070 3348 1180 3424 peritus

204 3443 352 3519 nobsequi
368 3442 559 3519 eruditusque
571 3442 653 3502 utilia
665 3441 796 3502 honestis
808 3443 938 3502 miscere.
973 3441 1059 3501 Brevi
1071 3441 1180 3502 deinde

229 3537 380 3596 Britamiia
395 3539 580 3598 consularem
596 3537 735 3598 Petilium
750 3536 896 3599 Cerialem
910 3537 1033 3614 accepit.
1076 3537 1181 3596 Habu-
