2738 4134
557 362 721 408 000100ιο
1058 419 1061 423 ,
1078 370 1114 424 49

75 496 77 500 ’
161 508 232 558 sunt
237 519 246 573 ;
267 497 377 560 novissi
493 519 507 559 s
529 510 558 559 et
576 510 723 560 extremus
740 486 839 561 metus
853 511 972 578 torpore
986 503 1113 562 defixere

10 587 11 596 ’
145 650 146 654 ,
161 590 257 653 aciem
272 586 303 651 ria
317 571 363 652 iis
377 592 513 670 vestigiis,
531 593 562 652 in
577 593 685 670 quibus
704 595 857 671 pulchram
877 606 906 654 et
921 596 1113 672 spectabilem

131 702 133 708 ·
161 683 315 746 victoriam
336 659 480 747 edekin?
514 687 680 764 Transigite
701 707 769 747 cum
793 689 1039 765 expeditionibus,
1063 689 1138 752 ime

161 780 264 857 ponite
281 779 497 858 quinquaginta
517 800 603 841 anns
625 801 765 858 magnum
787 781 875 854 diem,
892 784 930 852 ad
953 783 1007 842 rob
1039 803 1055 842 e
1072 784 1113 843 rei
1142 769 1300 876 Μ

161 873 298 952 publicae
313 893 477 951 numquam
495 874 634 934 exercitui
652 867 790 952 imputari
806 875 1002 952 potuisse-aut
1016 896 1114 936 moras
1156 921 1161 944 ,

162 967 234 1028 belli
247 979 298 1028 aut
313 987 416 1029 causas
430 968 614 1030 rebellandi'·
1048 939 1072 1008 b
1139 970 1144 980 ”
1173 947 1203 1008 ’Ὗ

161 1149 233 1204 8000
244 1150 391 1220 auxiliaey
402 1149 532 1219 infantry
543 1153 665 1220 compose
678 1151 789 1205 Roman
804 1113 906 1219 centra,
910 1167 984 1221 3000
997 1153 1114 1222 cavalry

232 1249 268 1286 on
287 1232 333 1287 tlte
351 1234 460 1304 wings,·
487 1233 533 1288 tlte
551 1235 657 1304 legions
676 1236 708 1288 in
728 1251 836 1288 reserva
854 1236 943 1304 besore
961 1235 1007 1289 tlte
1025 1240 1112 1305 camp.

237 1316 294 1372 The
318 1318 436 1371 Bn‘tons
458 1323 516 1371 rest
538 1333 574 1370 on
598 1318 644 1372 tlte
664 1318 751 1388 slopes
771 1319 807 1387 of
823 1318 869 1372 tlte
891 1318 952 1387 hill,
974 1318 1045 1372 with
1069 1317 1114 1372 tlte

232 1400 355 1454 00000000
362 1401 394 1454 in
407 1399 543 1471 0100ῤὶ000
555 1401 647 1455 below.

598 1492 604 1502 s
643 1474 668 1502 Η

202 1519 248 1582 86.
274 1523 313 1581 Et
347 1523 528 1598 adloquente
562 1481 662 1598 adbiic
692 1521 831 1600 Agricola
865 1522 991 1582 militum
1025 1523 1136 1584 ardor1

162 1615 319 1688 eminebat,
342 1626 371 1676 et
394 1616 484 1675 finem
509 1614 649 1676 orationis
672 1615 777 1693 ingens
799 1615 932 1675 alacritas
953 1627 1113 1675 consecuta

161 1719 213 1782 est,
230 1709 389 1786 statimque
399 1711 438 1770 ad
452 1729 534 1769 arma
548 1709 722 1770 discursum.
747 1709 1137 1790 irgstinmosguentesquea
1162 1732 1170 1752 ··
1185 1721 1224 1754 “⁴³-
1246 1733 1251 1738 ·

72 1803 74 1808 '
162 1803 202 1864 ita
216 1803 370 1881 disposuit,
386 1814 418 1863 ut
433 1802 700 1890 peditumsauxilia,
717 1823 794 1880 quae
808 1814 877 1887 octo
892 1803 1005 1862 milium
1021 1814 1110 1875 erant,

162 1897 293 1958 mediam
318 1897 413 1956 aciem
437 1899 595 1970 firmarent,
622 1895 756 1974 equitum
783 1895 837 1956 tria
865 1895 946 1956 milia
973 1895 1128 1955 cornibus
1169 1903 1201 1938 :.,

161 1992 401 2052 adfunderentur.
445 1990 591 2068 Legiones
613 2010 668 2068 pro
692 1991 769 2051 vallo
790 2001 907 2066 stetere,
931 1990 1113 2067 ingensvic-

73 2105 75 2110 ’
161 2085 253 2146 toriae
282 2083 678 2179 decuscitrasssgggffium
710 2084 884 2162 sanguinem
916 2073 1053 2157 bellandi,
1083 2095 1113 2144 et

161 2179 310 2251 auxilium,
327 2178 352 2238 si
373 2179 557 2255 pellerentur.
602 2169 810 2257 'Britannorum
831 2177 910 2238 acies
931 2178 961 2236 in
983 2177 1137 2254 specieme

105 2346 110 2356 Ι
161 2273 249 2334 simul
276 2292 311 2332 ac
339 2283 479 2333 terrorem
507 2242 776 2334 editiolibiisilocis
804 2271 975 2333 constiterat
1002 2272 1051 2344 ita,
1081 2283 1113 2362 ut

161 2367 289 2445 primum
304 2386 411 2444 agmen
426 2365 456 2426 in
471 2360 575 2444 aequb,
592 2367 682 2427 ceteri
696 2387 749 2444 per
762 2366 877 2426 adclive
891 2366 993 2445 iugum
1008 2367 1113 2426 conexi
1157 2421 1161 2446 ,
1279 2443 1285 2453 1

161 2463 241 2522 velut
262 2462 445 2538 insurgerent
449 2482 458 2535 3
486 2461 585 2520 media
605 2461 703 2538 campi
724 2460 1024 2556 QYQUOE
1044 2418 1358 2619 W

24 2612 28 2620 ,
131 2551 225 2632 ¹pitu
249 2574 284 2614 ac
313 2554 447 2615 discursu
475 2554 652 2632 complebat.
696 2556 785 2614 Tum.
798 2555 936 2632 Agricola
956 2574 1044 2631 super
1085 2566 1138 2616 tes
1329 2603 1331 2608 .

161 2647 292 2709 hostium
319 2645 510 2708 multitudine
541 2648 657 2722 veritus,
687 2668 726 2708 ne
753 2648 785 2707 in
816 2650 944 2707 frontem
969 2648 1056 2707 simul
1084 2659 1113 2707 et

160 2744 250 2803 latera
265 2761 386 2802 suorum
405 2753 590 2820 pugnaretur,
607 2741 736 2802 diductis
753 2741 914 2813 ordinibus,
931 2761 1113 2818 quamquam

160 2835 321 2915 porrectior
355 2837 434 2896 acies
468 2838 565 2897 sutura
599 2848 660 2896 erat
695 2847 724 2896 et
759 2837 950 2896 arcessendas
981 2835 1113 2912 plerique

160 2930 291 3007 legiones
315 2930 526 3004 admonebant,
548 2931 712 3008 promptior
737 2931 766 2989 in
789 2950 872 3007 spem
893 2940 923 2989 et
942 2931 1043 2989 firmus
1064 2931 1114 2990 ad·

161 3023 258 3098 versis,
275 3023 398 3085 dimisso
413 3042 491 3100 equo
505 3025 597 3102 pedes
611 3035 680 3084 ante
694 3021 951 3107 ve‘rp'llaconstitit.

188 3149 190 3160 ‚
734 3131 824 3184 Aba
860 3121 867 3148 ¹.

166 3205 222 3259 ree
233 3205 323 3260 battle.
364 3205 422 3260 na
439 3207 600 3261 naamam
617 3206 679 3260 and
698 3179 861 3276 Tunffans
869 3206 950 3276 force
965 3203 1115 3275 theirway

231 3293 270 3359 up
288 3289 335 3343 tlte
351 3289 408 3343 lri'll
424 3291 485 3343 ond
499 3289 544 3344 the
555 3288 647 3344 others
657 3290 776 3359 sollow,·
799 3290 849 3343 but
867 3290 912 3343 tlte
928 3289 1045 3357 cavalry
1062 3305 1113 3342 con

232 3372 312 3426 make
323 3373 396 3428 little
407 3374 573 3443 impression
585 3389 620 3426 00
633 3371 678 3426 tlte
690 3388 793 3426 mames
803 3373 840 3443 of
846 3372 891 3424 the
902 3387 1003 3441 enemy.

202 3505 248 3567 86.
272 3511 318 3568 Ac
337 3507 434 3586 primo
451 3527 611 3586 congressu
630 3485 746 3566 cibiritis
766 3507 932 3590 certabatur
937 3528 945 3580 3
966 3505 1137 3583 simulque1

160 3601 334 3688 constantia,
348 3602 436 3662 simul
450 3612 512 3662 arte
527 3601 660 3664 Britanni
675 3599 843 3681 ingentibus
860 3599 964 3676 gladiis
979 3609 1008 3658 et
1023 3599 1114 3658 brevi

260 3693 357 3746 (1⁶12)
994 3689 1014 3734 Ι)
