2738 4134
276 334 310 403 38
671 355 835 398 nunrcorn.

275 485 362 544 datae
390 497 470 545 tanta
498 486 611 547 ratione
640 509 768 564 curaque
796 501 828 548 ut
857 492 937 550 nulla
964 503 1033 551 ante
1059 485 1228 552 Britanniae

275 600 352 638 nova
366 599 432 656 pars
447 581 553 657 pariter
568 581 909 722 illacessptaffffi

221 859 222 862 ,
301 817 438 886 Agricola
450 835 616 889 encourages
628 821 745 874 erectz'on
758 821 793 891 os
793 821 892 890 public
902 821 1053 892 buildings,
1067 815 1208 893 adoption'

433 902 468 970 os
474 902 583 955 Roman
597 903 779 957 ct'vilt'aatt'ott.
820 905 952 974 (Winter,
966 905 1072 974 79-80.)

250 1051 361 1114 121.
389 1055 522 1129 Sequens
550 1054 645 1114 hiems
674 1055 872 1114 saluberrimis
901 1055 1032 1144 consiliis
1059 1056 1224 1133 absumpta.
1357 1119 1358 1122 Ἴ

274 1147 477 1300 Namqueput.
494 1149 630 1207 homines
655 1149 779 1242 dispersi
804 1169 839 1207 ac
863 1151 951 1208 rudes
973 1169 1069 1225 eoque
1094 1149 1124 1207 in
1137 1074 1297 1238 [κβ

274 1241 373 1299 faciles
388 1262 439 1317 qur
471 1263 479 1300 1
499 1252 528 1300 et
548 1242 609 1301 otio
628 1262 681 1318 per
699 1234 865 1319 voluptates
884 1235 1227 1315 adsuescerentslsor'tari

273 1333 366 1410 privat
355 1252 574 1407 timffiffluvare
592 1336 720 1413 publice,
737 1348 769 1395 ut
788 1339 899 1413 templa
912 1338 1102 1440 lora‚domos
1117 1347 1227 1396 extrue-

272 1439 345 1500 rent,
359 1430 509 1488 laudando
524 1441 717 1534 promptoset
728 1431 901 1507 castigando
913 1450 1031 1507 segnes:
1052 1441 1072 1489 1
1074 1451 1091 1488 a
1105 1431 1333 1547 honorrp4<tu

249 1523 499 1611 236ηιυ1ειῖίο)ρῑο
515 1524 658 1582 necessita
659 1535 771 1582 tteera.
753 1526 871 1582 tlam
886 1544 956 1582 vero
967 1523 1237 1600 principrmrfilios

243 1616 441 1676 beralibus
456 1617 567 1676 artibus
582 1617 704 1702 erudire,
721 1628 751 1676 et
765 1617 882 1694 ingenia
898 1617 1106 1676 Britannorum
1121 1616 1225 1677 studiis

273 1712 425 1769 Gallorum
444 1713 594 1784 anteferre,
611 1723 643 1770 ut
659 1711 709 1788 qui
728 1713 819 1772 modo
839 1711 968 1788 linguam
989 1713 1158 1770 Romanam
1170 1659 1294 1864 avi

248 1805 413 1886 suochunt,
425 1806 626 1881 eloquentiam
638 1805 889 1883 concupiscerent.
918 1807 1036 1865 Indet
1007 1816 1036 1865 et
1037 1804 1095 1863 iam
1107 1804 1228 1898 habitu
1235 1849 1239 1890 Ι
1247 1855 1305 1888 Μ

272 1898 364 1957 nostri
384 1870 483 1958 bonor
503 1911 532 1958 et
554 1901 691 2004 srequps
713 1871 1254 2052 ῖοςα.Ραυ1ειῖὶᾚεᾰίεςεεειῖἠῗ

271 1995 310 2052 ad
330 1993 588 2053 deleniment'ta
548 2004 588 2052 vit
591 1993 693 2065 iorum,
714 1995 893 2070 porticuset
914 1991 972 2051 bali
1050 2005 1079 2052 et
1098 1992 1225 2051 convivi-

272 2105 356 2145 orum
371 2086 554 2164 elegantiam.
590 2088 686 2162 idque
701 2087 802 2164 apud
795 2085 912 2163 imperit
914 2106 947 2146 os
962 2086 1130 2167 humanitas
1142 2105 1225 2146 voca-

273 2179 364 2252 batur,
381 2200 450 2239 cum
465 2200 531 2258 pars
546 2181 790 2272 servitutiQesset.

288 2413 425 2466 Advance
437 2420 464 2466 to
476 2415 522 2467 tlte
533 2419 646 2482 estuaty
664 2414 690 2466 T
686 2430 797 2476 annun·
813 2413 859 2466 lzis
871 2412 941 2466 skitt
951 2414 982 2465 in
990 2413 1111 2482 placing
1112 2414 1207 2482 sorta·

469 2497 514 2550 bis
526 2502 675 2549 treatment
685 2495 771 2565 ostris
783 2513 852 2550 men.
888 2496 958 2563 (Ab.
973 2495 1028 2561 80.)

246 2665 261 2707 1
310 2642 357 2703 22.
381 2645 498 2704 Tertius
516 2643 737 2721 expeditionum
758 2662 854 2702 annus
874 2662 965 2701 novas
985 2642 1080 2719 gentis
1099 2641 1221 2718 aperuit,

270 2738 389 2796 vastatis
403 2758 497 2814 usque
512 2740 550 2797 ad
564 2741 701 2797 Tanaum
721 2736 878 2816 (aestuario
896 2755 1006 2795 nomen
1025 2734 1081 2812 est)
1100 2734 1223 2794 nationi-

270 2831 333 2890 bus.
379 2833 447 2906 Qua
466 2831 624 2891 formidine
643 2832 732 2892 territi
752 2834 852 2891 hostes
873 2849 1054 2907 quamquam
1075 2829 1223 2887 conflicta-

270 2936 333 2984 tum
355 2927 448 2985 sacvis
470 2925 694 3002 tempestatibus
717 2925 876 2984 exercitum
898 2926 1041 2982 lacessere
1062 2942 1123 2981 non
1145 2922 1208 2980 ausi
1214 2943 1223 2994 ;

244 3019 476 3097 sponendisque
495 3020 614 3097 insuper
631 3019 757 3078 castellis
778 3019 907 3095 spatium
922 3017 983 3076 fuit.
1028 3015 1222 3074 Adnotabant

269 3113 353 3189 periti
369 3133 429 3172 non
441 3113 530 3172 alium
543 3115 650 3173 ducem
663 3111 897 3189 opportunitates
913 3113 1045 3170 locorum
1061 3099 1222 3186 sapientius

269 3206 373 3282 legisse
378 3228 387 3280 3
415 3209 529 3266 nullum
556 3207 594 3266 ab
619 3206 756 3283 Agricola
784 3205 913 3283 positum
940 3205 1094 3263 castellum
1119 3213 1169 3261 aut
1193 3201 1222 3260 vi

269 3300 399 3359 hostium
414 3312 613 3378 expugnatum
628 3310 678 3358 aut
693 3298 831 3376 pactione
844 3319 879 3358 ac
894 3300 963 3375 fuga
978 3299 1142 3368 desertum3
1163 3315 1223 3354 cre-

268 3394 336 3454 brae
358 3395 527 3472 eruptiones
534 3417 543 3468 ‚·
563 3415 601 3454 na
654 3395 793 3452 adversus
816 3411 911 3451 moras
931 3391 1096 3451 obsidionis
1115 3389 1222 3449 annuis

243 3488 361 3565 scopiis
376 3489 573 3548 firmabantur.
619 3490 665 3547 Ita
680 3487 825 3563 intrepida
840 3486 881 3546 ibi
900 3485 1004 3558 hiems,
1021 3496 1050 3544 et
1069 3483 1126 3544 sibi
1145 3483 1222 3560 quis-

267 3602 326 3659 que
348 3583 503 3660 praesidio,
520 3582 604 3641 irritis
626 3581 762 3641 hostibus
783 3599 879 3656 eoque
901 3579 1135 3655 desperantibus,
1152 3577 1222 3654 quia
