2738 4134
253 307 287 372 54
649 304 812 346 nomcoun.

252 433 309 490 sori
330 451 384 491 suo
404 430 586 509 provinciam
601 431 731 506 quietam
747 443 909 535 tutamque.
954 434 1000 491 Ac
1015 451 1052 490 ne
1068 431 1207 491 notabilis

252 524 373 584 celebrit
362 537 421 584 tate
453 537 482 583 et
513 523 678 600 frequentia
707 537 860 584 occurrent
862 525 924 584 ium
955 525 997 583 int
986 526 1090 584 troitus
1119 536 1204 597 esset,

252 618 343 677 vitato
365 619 528 678 amicorum
550 618 648 678 officio
670 630 761 678 noctu
782 618 812 676 in
833 619 946 692 urbem,
963 631 1053 678 noctu
1075 619 1106 677 in
1127 621 1209 678 Pala-

252 712 368 785 tium,r
359 713 399 771 ita
424 724 456 772 ut
478 724 667 789 praeceptum
690 724 759 783 erat,
782 712 877 786 venit;
901 723 1005 789 except
1007 733 1101 789 usque
1126 713 1207 772 brevi

252 808 356 866 osculo
373 818 402 866 et
420 808 502 866 nullo
520 826 656 866 sermone
674 807 777 866 turbae
794 803 982 866 servientium
998 807 1137 866 inmixtus
1153 818 1204 866 est.

228 900 310 960 sCet
299 911 394 959 terum
412 899 454 958 uti
469 899 544 957 milit
533 911 593 958 tare
613 919 731 972 nomen,
748 919 834 976 grave
852 900 927 958 inter
941 900 1060 973 otiosos,
1077 900 1208 959 aliis'vrr-

253 994 365 1052 tutibus
388 981 571 1070 temperaret,
596 993 836 1080 tranquillitatem
860 1005 949 1070 atque
972 993 1066 1053 otium
1089 994 1207 1070 penitus

253 1087 357 1158 hausit,
385 1088 466 1144 cultu
492 1086 635 1159 modicus,
663 1107 799 1145 sermone
828 1087 930 1159 facilis,
957 1108 1017 1146 uno
1040 1099 1090 1146 aut
1115 1090 1207 1147 altero

230 1163 416 1248 &amicorum
439 1180 605 1251 comitatus
628 1181 705 1238 adeo
727 1179 769 1238 uti
791 1178 931 1256 plerique,
953 1181 1061 1256 quibus
1084 1201 1208 1258 magnos

186 1311 210 1348 f.
253 1273 330 1332 viros
345 1294 397 1350 per
411 1273 605 1339 ambitionem
620 1274 775 1332 aestimare
793 1292 858 1331 mos
878 1284 929 1346 est,
946 1273 1009 1332 viso
1026 1285 1208 1350 aspectoque

130 1351 183 1449 qq*
253 1367 391 1444 Agricola
405 1378 579 1444 quaererent
593 1368 716 1440 famam,
728 1366 815 1442 pauci
830 1367 1095 1443 interpretarentur.

117 1455 135 1481 ¹.
164 1452 172 1476 l

253 1498 281 1550 Α
280 1499 411 1567 gm‘cola’s
424 1499 532 1567 danger
542 1499 604 1551 both
609 1499 690 1568 from
697 1498 814 1567 friends
826 1498 966 1568 andfoes;
979 1498 1077 1567 public
1088 1517 1210 1551 marnour

324 1577 420 1629 marks
431 1576 489 1628 him
502 1583 530 1629 to
543 1577 605 1629 take
622 1578 667 1629 tlte
680 1578 760 1646 place
773 1577 808 1645 of
820 1578 1002 1646 z'ncompetent
1018 1579 1209 1631 commanders

323 1673 359 1708 on
372 1656 417 1707 tlte
429 1657 520 1708 Rlzine
531 1656 593 1708 arrd
602 1656 721 1708 Danube
725 1656 872 1726 srontaeers

229 1778 244 1821 1
293 1757 340 1817 41.
365 1759 477 1820 Crebro
497 1779 548 1836 per
568 1779 619 1818 eos
639 1759 703 1819 dies
720 1761 801 1836 apud
820 1759 932 1818 Domit
913 1772 1026 1819 tranum
1040 1761 1147 1819 absens
1161 1781 1209 1819 ac-

253 1866 380 1924 cusatus
397 1854 504 1912 absens
519 1854 731 1912 absolutust
687 1865 738 1912 est.
777 1829 874 1914 Causa
886 1849 1008 1929 periculi
1023 1875 1082 1913 non
1095 1854 1207 1912 crimen

180 1899 412 2071 v,bullunrt
363 1958 412 2006 aut
427 1949 547 2023 querela
553 1927 637 2051 laesq
644 1966 827 2022 cuiusquam
841 1949 893 2006 sed
909 1948 1040 2007 infensus
1051 1948 1139 2006 virtut
1128 1948 1208 2006 tibus

147 2006 191 2071 “l
253 2040 388 2116 princeps
414 2052 442 2106 et
465 2041 556 2117 gloria
579 2059 631 2099 vm
653 2060 688 2098 ac
711 2040 873 2117 pessimum
896 2040 1082 2100 inimicorum
1104 2061 1205 2118 genus,

229 2135 415 2195 alaudantes.
461 2136 498 2192 Et
522 2151 557 2193 ea
582 2132 714 2192 insecuta
739 2122 808 2193 s'unt
832 2133 873 2193 rei
902 2134 1038 2210 publicae
1063 2146 1205 2212 tempora,

253 2247 329 2304 quae
355 2228 431 2287 sileri
460 2227 628 2304 Agricolam
659 2248 720 2286 non
752 2228 894 2287 sinerent:
930 2239 974 2288 tot
1003 2229 1146 2288 exercitus
1175 2229 1206 2288 in

254 2322 370 2380 Moesia
396 2323 549 2398 Daciaque
575 2332 603 2379 et
629 2322 788 2381 Germania
813 2333 841 2380 et
864 2322 1018 2397 Pannonia
1043 2323 1206 2382 temeritate

252 2427 303 2474 aut
317 2435 369 2492 per
384 2415 529 2492 ignaviam
544 2417 656 2475 ducum
671 2415 779 2487 amissi,
796 2426 839 2474 tot
855 2416 994 2475 militares
1009 2414 1061 2474 viri
1078 2436 1147 2475 cum
1162 2427 1205 2476 tot

252 2510 423 2568 cohortibus
443 2509 601 2586 expugnati
621 2520 650 2568 et
668 2509 760 2586 capti;
783 2529 837 2568 nec
855 2510 913 2568 iam
929 2511 967 2569 de
982 2508 1074 2568 limite
1092 2508 1206 2585 imperii

252 2613 282 2661 et
306 2602 376 2679 ripa,
399 2605 452 2663 sed
477 2605 516 2662 de
540 2603 670 2663 hibernis
692 2603 841 2680 legionum
864 2615 892 2662 et
913 2603 1100 2682 possessione
1122 2604 1206 2663 dubi-

228 2707 354 2755 etatum.
409 2699 455 2757 Ita
480 2717 549 2756 cum
574 2699 684 2757 damna
709 2697 825 2757 damnis
850 2696 1092 2756 continuarentur
1116 2709 1205 2773 atque
1238 2690 1240 2703 '

252 2790 349 2849 omnis
360 2810 455 2850 annus
468 2791 617 2854 funeribus
632 2803 661 2850 et
673 2791 807 2850 cladibus
822 2791 1014 2868 insigniretur,
1069 2791 1206 2850 scebatur

252 2903 302 2942 ore
324 2885 402 2961 vulgi
425 2886 484 2944 dux
506 2885 651 2961 Agricola,
675 2896 848 2962 comparant
838 2885 916 2944 tibus
938 2811 1203 2961 cunclrffvigorem

252 2988 280 3036 et
302 2977 498 3036 constantiam
521 2990 551 3037 et
573 2990 725 3058 expertum
752 2979 834 3038 bellis
855 2979 988 3038 animum
1010 2998 1078 3037 cum
1100 2977 1204 3038 inertia

226 3081 289 3133 set
296 3071 454 3130 formidine
466 3082 639 3150 ceterorum
673 3071 791 3146 Quibus
803 3073 989 3132 sermonibus
1004 3057 1204 3133 satblbonstat

252 3164 416 3223 Domitiani
431 3185 551 3241 quoque
566 3186 650 3224 aures
664 3165 873 3238 verberatas,d
875 3187 924 3225 um
937 3165 1066 3243 optimus
1078 3165 1205 3242 quisque

250 3257 421 3318 libertorum
446 3279 546 3318 amore
571 3270 600 3318 et
624 3261 692 3332 fide,
715 3259 836 3336 pessimi
859 3260 1039 3337 malignitate
1062 3271 1091 3320 et
1112 3261 1204 3320 livore
1251 3321 1254 3332 ,

249 3372 378 3428 pronum
393 3351 586 3411 deterioribus
601 3352 763 3430 principem
780 3354 1014 3414 exstimulabant.
1059 3354 1108 3414 Sic
1122 3353 1204 3432 Agri·

250 3446 315 3504 cola
335 3446 422 3505 simul
444 3445 503 3505 suis
524 3446 689 3520 virtutibus,
708 3447 796 3508 simul
816 3447 893 3507 vitiis
914 3447 1038 3506 aliorum
1057 3448 1087 3506 in
1107 3448 1202 3525 ipsam
1242 3519 1244 3524 ¹
1287 3493 1298 3510 .

249 3539 372 3615 gloriam
387 3559 528 3617 praeceps
543 3541 690 3618 agebatur.
