<?xml version="1.0" encoding="UTF-8"?>
<!DOCTYPE html PUBLIC "-//W3C//DTD XHTML 1.0 Transitional//EN"
    "http://www.w3.org/TR/xhtml1/DTD/xhtml1-transitional.dtd">
<html xmlns="http://www.w3.org/1999/xhtml" xml:lang="en" lang="en">
 <head>
  <title>
</title>
<meta http-equiv="Content-Type" content="text/html;charset=utf-8" />
  <meta name='ocr-system' content='tesseract 3.04.00' />
  <meta name='ocr-capabilities' content='ocr_page ocr_carea ocr_par ocr_line ocrx_word'/>
</head>
<body>
  <div class='ocr_page' id='page_1' title='image "./agricolatacitus00waltgoog_0035.png"; bbox 0 0 2738 4134; ppageno 0'>
   <div class='ocr_carea' id='block_1_1' title="bbox 112 94 1250 228">
    <p class='ocr_par' dir='ltr' id='par_1_1' title="bbox 112 94 1250 228">
     <span class='ocr_line' id='line_1_1' title="bbox 112 94 1250 228; baseline -0.009 1"><span class='ocrx_word' id='word_1_1' title='bbox 112 94 1250 228; x_wconf 53' lang='lat' dir='ltr'>ae--n--ae</span> 
     </span>
    </p>
   </div>
   <div class='ocr_carea' id='block_1_2' title="bbox 265 505 823 560">
    <p class='ocr_par' dir='ltr' id='par_1_2' title="bbox 265 505 823 560">
     <span class='ocr_line' id='line_1_2' title="bbox 265 505 823 560; baseline 0 -14"><span class='ocrx_word' id='word_1_2' title='bbox 265 507 299 560; x_wconf 88' lang='lat'>30</span> <span class='ocrx_word' id='word_1_3' title='bbox 659 505 823 548; x_wconf 69' lang='lat' dir='ltr'>noarcom.</span> 
     </span>
    </p>
   </div>
   <div class='ocr_carea' id='block_1_3' title="bbox 142 639 1306 2386">
    <p class='ocr_par' dir='ltr' id='par_1_3' title="bbox 241 639 1217 910">
     <span class='ocr_line' id='line_1_3' title="bbox 241 639 1217 722; baseline -0.004 -18"><span class='ocrx_word' id='word_1_4' title='bbox 241 639 427 704; x_wconf 79' lang='lat' dir='ltr'>avincuntur.</span> <span class='ocrx_word' id='word_1_5' title='bbox 472 641 597 722; x_wconf 88' lang='lat' dir='ltr'>Caelum</span> <span class='ocrx_word' id='word_1_6' title='bbox 613 640 722 716; x_wconf 75' lang='lat' dir='ltr'>crebris</span> <span class='ocrx_word' id='word_1_7' title='bbox 739 640 883 699; x_wconf 84' lang='lat' dir='ltr'>imbribus</span> <span class='ocrx_word' id='word_1_8' title='bbox 900 661 935 700; x_wconf 93' lang='lat' dir='ltr'>ac</span> <span class='ocrx_word' id='word_1_9' title='bbox 950 641 1065 700; x_wconf 89' lang='lat' dir='ltr'>nebulis</span> <span class='ocrx_word' id='word_1_10' title='bbox 1081 643 1217 714; x_wconf 81' lang='lat' dir='ltr'>foedum3</span> 
     </span>
     <span class='ocr_line' id='line_1_4' title="bbox 261 730 1217 810; baseline -0.001 -17"><span class='ocrx_word' id='word_1_11' title='bbox 261 730 403 810; x_wconf 75' lang='lat' dir='ltr'>asperitas</span> <span class='ocrx_word' id='word_1_12' title='bbox 418 734 555 810; x_wconf 85' lang='lat' dir='ltr'>frigorum</span> <span class='ocrx_word' id='word_1_13' title='bbox 572 734 663 793; x_wconf 85' lang='lat' dir='ltr'>abest.</span> <span class='ocrx_word' id='word_1_14' title='bbox 698 734 825 794; x_wconf 88' lang='lat' dir='ltr'>Dierum</span> <span class='ocrx_word' id='word_1_15' title='bbox 838 734 932 810; x_wconf 89' lang='lat' dir='ltr'>spatia</span> <span class='ocrx_word' id='word_1_16' title='bbox 942 736 1017 793; x_wconf 87' lang='lat' dir='ltr'>ultra</span> <span class='ocrx_word' id='word_1_17' title='bbox 1032 735 1123 793; x_wconf 89' lang='lat' dir='ltr'>nostri</span> <span class='ocrx_word' id='word_1_18' title='bbox 1138 735 1217 794; x_wconf 90' lang='lat' dir='ltr'>orbis</span> 
     </span>
     <span class='ocr_line' id='line_1_5' title="bbox 265 828 1215 910; baseline 0.002 -26"><span class='ocrx_word' id='word_1_19' title='bbox 265 846 447 899; x_wconf 65' lang='lat' dir='ltr'>mensuram</span> <span class='ocrx_word' id='word_1_20' title='bbox 469 846 527 885; x_wconf 90' lang='lat' dir='ltr'>nox</span> <span class='ocrx_word' id='word_1_21' title='bbox 544 828 621 887; x_wconf 89' lang='lat' dir='ltr'>clara</span> <span class='ocrx_word' id='word_1_22' title='bbox 640 839 669 886; x_wconf 86' lang='lat' dir='ltr'>et</span> <span class='ocrx_word' id='word_1_23' title='bbox 687 839 816 887; x_wconf 86' lang='lat' dir='ltr'>extrema</span> <span class='ocrx_word' id='word_1_24' title='bbox 832 829 999 886; x_wconf 73' lang='lat' dir='ltr'>Britanniae</span> <span class='ocrx_word' id='word_1_25' title='bbox 1014 839 1096 904; x_wconf 89' lang='lat' dir='ltr'>parte</span> <span class='ocrx_word' id='word_1_26' title='bbox 1111 828 1215 910; x_wconf 73' lang='lat' dir='ltr'>brevis</span> 
     </span>
    </p>

    <p class='ocr_par' dir='ltr' id='par_1_4' title="bbox 193 918 1218 1092">
     <span class='ocr_line' id='line_1_6' title="bbox 264 918 1214 999; baseline 0 -19"><span class='ocrx_word' id='word_1_27' title='bbox 264 933 296 980; x_wconf 92' lang='lat' dir='ltr'>ut</span> <span class='ocrx_word' id='word_1_28' title='bbox 308 922 398 980; x_wconf 89' lang='lat' dir='ltr'>finem</span> <span class='ocrx_word' id='word_1_29' title='bbox 410 932 499 997; x_wconf 89' lang='lat' dir='ltr'>atque</span> <span class='ocrx_word' id='word_1_30' title='bbox 509 918 626 980; x_wconf 89' lang='lat' dir='ltr'>initium</span> <span class='ocrx_word' id='word_1_31' title='bbox 640 923 713 980; x_wconf 88' lang='lat' dir='ltr'>lucis</span> <span class='ocrx_word' id='word_1_32' title='bbox 728 922 832 999; x_wconf 87' lang='lat' dir='ltr'>exiguo</span> <span class='ocrx_word' id='word_1_33' title='bbox 844 921 1014 980; x_wconf 84' lang='lat' dir='ltr'>discrimine</span> <span class='ocrx_word' id='word_1_34' title='bbox 1025 921 1214 980; x_wconf 80' lang='lat' dir='ltr'>internoscas</span> 
     </span>
     <span class='ocr_line' id='line_1_7' title="bbox 193 1003 1218 1092; baseline -0.002 -17"><span class='ocrx_word' id='word_1_35' title='bbox 193 1016 356 1090; x_wconf 58' lang='lat' dir='ltr'>&#39;mQuod</span> <span class='ocrx_word' id='word_1_36' title='bbox 376 1012 401 1074; x_wconf 92' lang='lat' dir='ltr'>si</span> <span class='ocrx_word' id='word_1_37' title='bbox 418 1015 513 1074; x_wconf 84' lang='lat' dir='ltr'>nubes</span> <span class='ocrx_word' id='word_1_38' title='bbox 530 1035 590 1074; x_wconf 91' lang='lat' dir='ltr'>non</span> <span class='ocrx_word' id='word_1_39' title='bbox 604 1015 747 1092; x_wconf 58' lang='lat' dir='ltr'>Q,</span> <span class='ocrx_word' id='word_1_40' title='bbox 764 1003 855 1092; x_wconf 82' lang='lat' dir='ltr'>aspici</span> <span class='ocrx_word' id='word_1_41' title='bbox 876 1035 927 1091; x_wconf 85' lang='lat' dir='ltr'>per</span> <span class='ocrx_word' id='word_1_42' title='bbox 944 1027 1062 1074; x_wconf 90' lang='lat' dir='ltr'>noctem</span> <span class='ocrx_word' id='word_1_43' title='bbox 1078 1015 1147 1073; x_wconf 90' lang='lat' dir='ltr'>solis</span> <span class='ocrx_word' id='word_1_44' title='bbox 1166 1017 1218 1074; x_wconf 84' lang='lat' dir='ltr'>ful-</span> 
     </span>
    </p>

    <p class='ocr_par' dir='ltr' id='par_1_5' title="bbox 154 1079 1216 1373">
     <span class='ocr_line' id='line_1_8' title="bbox 154 1079 1214 1186; baseline 0 -19"><span class='ocrx_word' id='word_1_45' title='bbox 154 1079 200 1152; x_wconf 40' lang='grc' dir='ltr'>ΨΒ</span> <span class='ocrx_word' id='word_1_46' title='bbox 263 1129 373 1185; x_wconf 78' lang='lat' dir='ltr'>gosem,</span> <span class='ocrx_word' id='word_1_47' title='bbox 390 1127 446 1168; x_wconf 88' lang='lat' dir='ltr'>nec</span> <span class='ocrx_word' id='word_1_48' title='bbox 465 1109 601 1169; x_wconf 90' lang='lat' dir='ltr'>occidere</span> <span class='ocrx_word' id='word_1_49' title='bbox 620 1120 649 1168; x_wconf 87' lang='lat' dir='ltr'>et</span> <span class='ocrx_word' id='word_1_50' title='bbox 667 1129 828 1186; x_wconf 87' lang='lat' dir='ltr'>exsurgere,</span> <span class='ocrx_word' id='word_1_51' title='bbox 845 1112 898 1169; x_wconf 91' lang='lat' dir='ltr'>sed</span> <span class='ocrx_word' id='word_1_52' title='bbox 913 1109 1034 1168; x_wconf 89' lang='lat' dir='ltr'>transire</span> <span class='ocrx_word' id='word_1_53' title='bbox 1049 1111 1214 1168; x_wconf 87' lang='lat' dir='ltr'>adfirmant.</span> 
     </span>
     <span class='ocr_line' id='line_1_9' title="bbox 264 1199 1216 1354; baseline -0.001 -93"><span class='ocrx_word' id='word_1_54' title='bbox 264 1199 382 1261; x_wconf 87' lang='lat' dir='ltr'>Scilicet</span> <span class='ocrx_word' id='word_1_55' title='bbox 407 1211 589 1354; x_wconf 46' lang='grc' dir='ltr'>εκῖτῖὶωῖ</span> <span class='ocrx_word' id='word_1_56' title='bbox 614 1204 702 1279; x_wconf 87' lang='lat' dir='ltr'>plana</span> <span class='ocrx_word' id='word_1_57' title='bbox 726 1214 867 1292; x_wconf 82' lang='lat' dir='ltr'>terrarum</span> <span class='ocrx_word' id='word_1_58' title='bbox 893 1202 1128 1300; x_wconf 59' lang='lat' dir='ltr'>huniianra</span> <span class='ocrx_word' id='word_1_59' title='bbox 1156 1223 1216 1260; x_wconf 94' lang='lat' dir='ltr'>non</span> 
     </span>
     <span class='ocr_line' id='line_1_10' title="bbox 264 1295 1215 1373; baseline 0.001 -19"><span class='ocrx_word' id='word_1_60' title='bbox 264 1295 378 1373; x_wconf 90' lang='lat' dir='ltr'>erigunt</span> <span class='ocrx_word' id='word_1_61' title='bbox 403 1307 547 1368; x_wconf 73' lang='lat' dir='ltr'>teneras</span> <span class='ocrx_word' id='word_1_62' title='bbox 571 1295 706 1372; x_wconf 87' lang='lat' dir='ltr'>infraque</span> <span class='ocrx_word' id='word_1_63' title='bbox 734 1298 849 1355; x_wconf 85' lang='lat' dir='ltr'>caelum</span> <span class='ocrx_word' id='word_1_64' title='bbox 875 1306 904 1354; x_wconf 93' lang='lat' dir='ltr'>et</span> <span class='ocrx_word' id='word_1_65' title='bbox 929 1296 1025 1355; x_wconf 87' lang='lat' dir='ltr'>sidera</span> <span class='ocrx_word' id='word_1_66' title='bbox 1047 1315 1106 1354; x_wconf 87' lang='lat' dir='ltr'>nox</span> <span class='ocrx_word' id='word_1_67' title='bbox 1129 1297 1215 1355; x_wconf 90' lang='lat' dir='ltr'>cadit.</span> 
     </span>
    </p>

    <p class='ocr_par' dir='ltr' id='par_1_6' title="bbox 182 1390 1218 1654">
     <span class='ocr_line' id='line_1_11' title="bbox 240 1390 1217 1467; baseline -0.005 -15"><span class='ocrx_word' id='word_1_68' title='bbox 240 1391 367 1452; x_wconf 82' lang='lat' dir='ltr'>ttSolum</span> <span class='ocrx_word' id='word_1_69' title='bbox 378 1401 493 1467; x_wconf 88' lang='lat' dir='ltr'>praeter</span> <span class='ocrx_word' id='word_1_70' title='bbox 503 1391 599 1449; x_wconf 86' lang='lat' dir='ltr'>oleam</span> <span class='ocrx_word' id='word_1_71' title='bbox 611 1390 761 1467; x_wconf 91' lang='lat' dir='ltr'>vitemque</span> <span class='ocrx_word' id='word_1_72' title='bbox 776 1401 805 1449; x_wconf 87' lang='lat' dir='ltr'>et</span> <span class='ocrx_word' id='word_1_73' title='bbox 820 1402 917 1450; x_wconf 86' lang='lat' dir='ltr'>cetera</span> <span class='ocrx_word' id='word_1_74' title='bbox 931 1390 1120 1449; x_wconf 89' lang='lat' dir='ltr'>calidioribus</span> <span class='ocrx_word' id='word_1_75' title='bbox 1135 1390 1217 1449; x_wconf 90' lang='lat' dir='ltr'>terris</span> 
     </span>
     <span class='ocr_line' id='line_1_12' title="bbox 196 1483 1216 1606; baseline -0.001 -64"><span class='ocrx_word' id='word_1_76' title='bbox 196 1483 436 1606; x_wconf 42' lang='lat' dir='ltr'>fwueta</span> <span class='ocrx_word' id='word_1_77' title='bbox 456 1483 571 1561; x_wconf 88' lang='lat' dir='ltr'>patiens</span> <span class='ocrx_word' id='word_1_78' title='bbox 595 1486 718 1561; x_wconf 88' lang='lat' dir='ltr'>frugum,</span> <span class='ocrx_word' id='word_1_79' title='bbox 742 1485 917 1543; x_wconf 87' lang='lat' dir='ltr'>fecundum:</span> <span class='ocrx_word' id='word_1_80' title='bbox 943 1485 1026 1543; x_wconf 88' lang='lat' dir='ltr'>tarde</span> <span class='ocrx_word' id='word_1_81' title='bbox 1050 1483 1216 1553; x_wconf 87' lang='lat' dir='ltr'>mitescunt,</span> 
     </span>
     <span class='ocr_line' id='line_1_13' title="bbox 182 1577 1218 1654; baseline 0 -18"><span class='ocrx_word' id='word_1_82' title='bbox 182 1603 202 1646; x_wconf 68' lang='lat' dir='ltr'>o</span> <span class='ocrx_word' id='word_1_83' title='bbox 264 1589 323 1636; x_wconf 87' lang='lat' dir='ltr'>erto</span> <span class='ocrx_word' id='word_1_84' title='bbox 346 1577 522 1654; x_wconf 90' lang='lat' dir='ltr'>proveniunt</span> <span class='ocrx_word' id='word_1_85' title='bbox 528 1599 537 1651; x_wconf 90' lang='lat'>;</span> <span class='ocrx_word' id='word_1_86' title='bbox 562 1580 727 1654; x_wconf 89' lang='lat' dir='ltr'>eademque</span> <span class='ocrx_word' id='word_1_87' title='bbox 750 1577 902 1653; x_wconf 89' lang='lat' dir='ltr'>utriusque</span> <span class='ocrx_word' id='word_1_88' title='bbox 924 1577 966 1637; x_wconf 88' lang='lat' dir='ltr'>rei</span> <span class='ocrx_word' id='word_1_89' title='bbox 987 1597 1083 1650; x_wconf 85' lang='lat' dir='ltr'>causa,</span> <span class='ocrx_word' id='word_1_90' title='bbox 1109 1579 1218 1636; x_wconf 90' lang='lat' dir='ltr'>multus</span> 
     </span>
    </p>

    <p class='ocr_par' dir='ltr' id='par_1_7' title="bbox 142 1670 1306 1851">
     <span class='ocr_line' id='line_1_14' title="bbox 142 1670 1306 1752; baseline -0.004 -18"><span class='ocrx_word' id='word_1_91' title='bbox 142 1742 144 1747; x_wconf 44' lang='grc'><strong>,</strong></span> <span class='ocrx_word' id='word_1_92' title='bbox 240 1691 349 1734; x_wconf 74' lang='lat' dir='ltr'>tumor</span> <span class='ocrx_word' id='word_1_93' title='bbox 364 1682 502 1731; x_wconf 90' lang='lat' dir='ltr'>terrarum</span> <span class='ocrx_word' id='word_1_94' title='bbox 519 1670 660 1748; x_wconf 87' lang='lat' dir='ltr'>caelique.</span> <span class='ocrx_word' id='word_1_95' title='bbox 706 1674 772 1731; x_wconf 87' lang='lat' dir='ltr'>Fert</span> <span class='ocrx_word' id='word_1_96' title='bbox 788 1670 940 1730; x_wconf 87' lang='lat' dir='ltr'>Britannia</span> <span class='ocrx_word' id='word_1_97' title='bbox 954 1691 1056 1730; x_wconf 91' lang='lat' dir='ltr'>aurum</span> <span class='ocrx_word' id='word_1_98' title='bbox 1073 1683 1102 1731; x_wconf 91' lang='lat' dir='ltr'>et</span> <span class='ocrx_word' id='word_1_99' title='bbox 1119 1692 1218 1749; x_wconf 84' lang='lat' dir='ltr'>argen-</span> <span class='ocrx_word' id='word_1_100' title='bbox 1302 1745 1306 1752; x_wconf 31' lang='grc' dir='ltr'><strong><em>Ι</em></strong></span> 
     </span>
     <span class='ocr_line' id='line_1_15' title="bbox 264 1764 1270 1851; baseline -0.001 -26"><span class='ocrx_word' id='word_1_101' title='bbox 264 1777 327 1825; x_wconf 89' lang='lat' dir='ltr'>tum</span> <span class='ocrx_word' id='word_1_102' title='bbox 343 1776 372 1824; x_wconf 91' lang='lat' dir='ltr'>et</span> <span class='ocrx_word' id='word_1_103' title='bbox 386 1764 443 1824; x_wconf 89' lang='lat' dir='ltr'>alia</span> <span class='ocrx_word' id='word_1_104' title='bbox 457 1768 582 1836; x_wconf 88' lang='lat' dir='ltr'>metalla,</span> <span class='ocrx_word' id='word_1_105' title='bbox 596 1765 722 1851; x_wconf 87' lang='lat' dir='ltr'>pretium</span> <span class='ocrx_word' id='word_1_106' title='bbox 734 1765 880 1825; x_wconf 90' lang='lat' dir='ltr'>victoriae.</span> <span class='ocrx_word' id='word_1_107' title='bbox 919 1764 1020 1843; x_wconf 89' lang='lat' dir='ltr'>Gignit</span> <span class='ocrx_word' id='word_1_108' title='bbox 1035 1777 1064 1826; x_wconf 93' lang='lat' dir='ltr'>et</span> <span class='ocrx_word' id='word_1_109' title='bbox 1079 1769 1218 1828; x_wconf 88' lang='lat' dir='ltr'>Oceanus</span> <span class='ocrx_word' id='word_1_110' title='bbox 1266 1769 1270 1776; x_wconf 85' lang='lat'>&#39;</span> 
     </span>
    </p>

    <p class='ocr_par' dir='ltr' id='par_1_8' title="bbox 166 1859 1258 1950">
     <span class='ocr_line' id='line_1_16' title="bbox 166 1859 1258 1950; baseline -0.002 -29"><span class='ocrx_word' id='word_1_111' title='bbox 166 1861 255 1948; x_wconf 55' lang='lat' dir='ltr'>‚pi&#39;lr</span> <span class='ocrx_word' id='word_1_112' title='bbox 265 1860 425 1937; x_wconf 84' lang='lat' dir='ltr'>margarita,</span> <span class='ocrx_word' id='word_1_113' title='bbox 438 1862 491 1919; x_wconf 89' lang='lat' dir='ltr'>sed</span> <span class='ocrx_word' id='word_1_114' title='bbox 502 1861 641 1919; x_wconf 89' lang='lat' dir='ltr'>subfusca</span> <span class='ocrx_word' id='word_1_115' title='bbox 655 1880 690 1919; x_wconf 89' lang='lat' dir='ltr'>ac</span> <span class='ocrx_word' id='word_1_116' title='bbox 702 1859 827 1918; x_wconf 91' lang='lat' dir='ltr'>liventia.</span> <span class='ocrx_word' id='word_1_117' title='bbox 863 1859 994 1950; x_wconf 71' lang='lat' dir='ltr'>Quidam</span> <span class='ocrx_word' id='word_1_118' title='bbox 1010 1871 1101 1919; x_wconf 89' lang='lat' dir='ltr'>artem</span> <span class='ocrx_word' id='word_1_119' title='bbox 1114 1862 1218 1920; x_wconf 89' lang='lat' dir='ltr'>abesse</span> <span class='ocrx_word' id='word_1_120' title='bbox 1255 1921 1258 1932; x_wconf 70' lang='grc'><em>,</em></span> 
     </span>
    </p>

    <p class='ocr_par' dir='ltr' id='par_1_9' title="bbox 148 1937 1303 2295">
     <span class='ocr_line' id='line_1_17' title="bbox 148 1937 1303 2036; baseline -0.002 -26"><span class='ocrx_word' id='word_1_121' title='bbox 148 1962 164 2010; x_wconf 71' lang='lat' dir='ltr'>l</span> <span class='ocrx_word' id='word_1_122' title='bbox 264 1953 430 2030; x_wconf 86' lang='lat' dir='ltr'>legentibus</span> <span class='ocrx_word' id='word_1_123' title='bbox 450 1953 640 2036; x_wconf 81' lang='lat' dir='ltr'>arbitrantur3</span> <span class='ocrx_word' id='word_1_124' title='bbox 668 1973 737 2012; x_wconf 89' lang='lat' dir='ltr'>nam</span> <span class='ocrx_word' id='word_1_125' title='bbox 760 1952 789 2011; x_wconf 94' lang='lat' dir='ltr'>in</span> <span class='ocrx_word' id='word_1_126' title='bbox 811 1953 994 2025; x_wconf 60' lang='lat' dir='ltr'>rubranari</span> <span class='ocrx_word' id='word_1_127' title='bbox 1013 1954 1078 2013; x_wconf 87' lang='lat' dir='ltr'>viva</span> <span class='ocrx_word' id='word_1_128' title='bbox 1096 1973 1131 2013; x_wconf 90' lang='lat' dir='ltr'>ac</span> <span class='ocrx_word' id='word_1_129' title='bbox 1149 1937 1237 2031; x_wconf 78' lang='lat' dir='ltr'>spir-i</span> <span class='ocrx_word' id='word_1_130' title='bbox 1248 1969 1258 1995; x_wconf 48' lang='grc' dir='ltr'><strong><em>Δ</em></strong></span> <span class='ocrx_word' id='word_1_131' title='bbox 1280 1957 1303 1986; x_wconf 63' lang='grc'>·”’</span> 
     </span>
     <span class='ocr_line' id='line_1_18' title="bbox 264 2047 1217 2126; baseline 0.002 -20"><span class='ocrx_word' id='word_1_132' title='bbox 264 2048 344 2106; x_wconf 91' lang='lat' dir='ltr'>antia</span> <span class='ocrx_word' id='word_1_133' title='bbox 358 2047 434 2107; x_wconf 88' lang='lat' dir='ltr'>saxis</span> <span class='ocrx_word' id='word_1_134' title='bbox 450 2047 543 2118; x_wconf 87' lang='lat' dir='ltr'>avelli,</span> <span class='ocrx_word' id='word_1_135' title='bbox 561 2047 590 2105; x_wconf 94' lang='lat' dir='ltr'>in</span> <span class='ocrx_word' id='word_1_136' title='bbox 607 2047 766 2120; x_wconf 84' lang='lat' dir='ltr'>Britannia,</span> <span class='ocrx_word' id='word_1_137' title='bbox 782 2059 869 2124; x_wconf 89' lang='lat' dir='ltr'>prout</span> <span class='ocrx_word' id='word_1_138' title='bbox 887 2049 1006 2125; x_wconf 87' lang='lat' dir='ltr'>expulsa</span> <span class='ocrx_word' id='word_1_139' title='bbox 1024 2048 1090 2121; x_wconf 91' lang='lat' dir='ltr'>sint,</span> <span class='ocrx_word' id='word_1_140' title='bbox 1107 2048 1217 2126; x_wconf 82' lang='lat' dir='ltr'>colligi:</span> 
     </span>
     <span class='ocr_line' id='line_1_19' title="bbox 264 2140 1216 2220; baseline 0 -19"><span class='ocrx_word' id='word_1_141' title='bbox 264 2161 320 2219; x_wconf 87' lang='lat' dir='ltr'>ego</span> <span class='ocrx_word' id='word_1_142' title='bbox 341 2140 454 2200; x_wconf 87' lang='lat' dir='ltr'>facilius</span> <span class='ocrx_word' id='word_1_143' title='bbox 475 2141 650 2201; x_wconf 89' lang='lat' dir='ltr'>crediderim</span> <span class='ocrx_word' id='word_1_144' title='bbox 672 2153 806 2200; x_wconf 85' lang='lat' dir='ltr'>naturam</span> <span class='ocrx_word' id='word_1_145' title='bbox 827 2142 987 2218; x_wconf 87' lang='lat' dir='ltr'>margaritis</span> <span class='ocrx_word' id='word_1_146' title='bbox 1006 2144 1110 2203; x_wconf 90' lang='lat' dir='ltr'>deesse</span> <span class='ocrx_word' id='word_1_147' title='bbox 1128 2163 1216 2220; x_wconf 91' lang='lat' dir='ltr'>quarn</span> 
     </span>
     <span class='ocr_line' id='line_1_20' title="bbox 265 2233 935 2295; baseline -0.003 0"><span class='ocrx_word' id='word_1_148' title='bbox 265 2235 351 2295; x_wconf 90' lang='lat' dir='ltr'>nobis</span> <span class='ocrx_word' id='word_1_149' title='bbox 366 2233 525 2294; x_wconf 86' lang='lat' dir='ltr'>avaritiam.</span> <span class='ocrx_word' id='word_1_150' title='bbox 932 2245 935 2252; x_wconf 93' lang='lat'>&#39;</span> 
     </span>
    </p>

    <p class='ocr_par' dir='ltr' id='par_1_10' title="bbox 1196 2341 1202 2386">
     <span class='ocr_line' id='line_1_21' title="bbox 1196 2341 1202 2386; baseline 0 0"><span class='ocrx_word' id='word_1_151' title='bbox 1196 2341 1202 2386; x_wconf 88' lang='lat' dir='ltr'>l</span> 
     </span>
    </p>
   </div>
   <div class='ocr_carea' id='block_1_4' title="bbox 266 2535 1216 2709">
    <p class='ocr_par' dir='ltr' id='par_1_11' title="bbox 266 2535 1216 2709">
     <span class='ocr_line' id='line_1_22' title="bbox 266 2535 1216 2616; baseline -0.004 -18"><span class='ocrx_word' id='word_1_152' title='bbox 266 2537 444 2616; x_wconf 88' lang='lat' dir='ltr'>Chapters</span> <span class='ocrx_word' id='word_1_153' title='bbox 475 2536 919 2596; x_wconf 87' lang='lat' dir='ltr'>X111.-XV11.-Roman</span> <span class='ocrx_word' id='word_1_154' title='bbox 951 2544 1150 2613; x_wconf 89' lang='lat' dir='ltr'>conquests</span> <span class='ocrx_word' id='word_1_155' title='bbox 1180 2535 1216 2594; x_wconf 95' lang='lat' dir='ltr'>in</span> 
     </span>
     <span class='ocr_line' id='line_1_23' title="bbox 298 2630 1187 2709; baseline -0.002 -17"><span class='ocrx_word' id='word_1_156' title='bbox 298 2631 438 2692; x_wconf 91' lang='lat' dir='ltr'>Britain</span> <span class='ocrx_word' id='word_1_157' title='bbox 461 2650 509 2709; x_wconf 89' lang='lat' dir='ltr'>up</span> <span class='ocrx_word' id='word_1_158' title='bbox 532 2638 571 2691; x_wconf 92' lang='lat' dir='ltr'>to</span> <span class='ocrx_word' id='word_1_159' title='bbox 594 2630 724 2691; x_wconf 90' lang='lat' dir='ltr'>arrival</span> <span class='ocrx_word' id='word_1_160' title='bbox 747 2630 787 2690; x_wconf 83' lang='lat' dir='ltr'>of</span> <span class='ocrx_word' id='word_1_161' title='bbox 805 2630 973 2706; x_wconf 85' lang='lat' dir='ltr'>Agricola</span> <span class='ocrx_word' id='word_1_162' title='bbox 996 2648 1036 2690; x_wconf 90' lang='lat' dir='ltr'>as</span> <span class='ocrx_word' id='word_1_163' title='bbox 1059 2632 1187 2706; x_wconf 85' lang='lat' dir='ltr'>legate.</span> 
     </span>
    </p>
   </div>
   <div class='ocr_carea' id='block_1_5' title="bbox 335 2777 1146 2936">
    <p class='ocr_par' dir='ltr' id='par_1_12' title="bbox 335 2777 1146 2936">
     <span class='ocr_line' id='line_1_24' title="bbox 335 2777 1146 2852; baseline -0.011 -14"><span class='ocrx_word' id='word_1_164' title='bbox 335 2783 486 2838; x_wconf 83' lang='lat' dir='ltr'>Invarions</span> <span class='ocrx_word' id='word_1_165' title='bbox 499 2779 636 2852; x_wconf 78' lang='lat' dir='ltr'>oflulius</span> <span class='ocrx_word' id='word_1_166' title='bbox 651 2780 760 2845; x_wconf 78' lang='lat' dir='ltr'>Caesar,</span> <span class='ocrx_word' id='word_1_167' title='bbox 769 2779 879 2849; x_wconf 67' lang='lat' dir='ltr'>projeci</span> <span class='ocrx_word' id='word_1_168' title='bbox 889 2779 924 2848; x_wconf 84' lang='lat' dir='ltr'>os</span> <span class='ocrx_word' id='word_1_169' title='bbox 932 2778 1022 2830; x_wconf 83' lang='lat' dir='ltr'>Gaius</span> <span class='ocrx_word' id='word_1_170' title='bbox 1036 2777 1146 2844; x_wconf 82' lang='lat' dir='ltr'>Caesar,</span> 
     </span>
     <span class='ocr_line' id='line_1_25' title="bbox 417 2861 1073 2936; baseline -0.009 -17"><span class='ocrx_word' id='word_1_171' title='bbox 417 2866 574 2936; x_wconf 76' lang='lat' dir='ltr'>expedittbn</span> <span class='ocrx_word' id='word_1_172' title='bbox 587 2866 622 2933; x_wconf 87' lang='lat' dir='ltr'>of</span> <span class='ocrx_word' id='word_1_173' title='bbox 630 2863 773 2916; x_wconf 81' lang='lat' dir='ltr'>Claudius.</span> <span class='ocrx_word' id='word_1_174' title='bbox 813 2863 877 2930; x_wconf 71' lang='lat' dir='ltr'>(isc.</span> <span class='ocrx_word' id='word_1_175' title='bbox 895 2873 1004 2930; x_wconf 82' lang='lat' dir='ltr'><strong>55-A.D.</strong></span> <span class='ocrx_word' id='word_1_176' title='bbox 1018 2861 1073 2929; x_wconf 84' lang='lat'><strong>43.)</strong></span> 
     </span>
    </p>
   </div>
   <div class='ocr_carea' id='block_1_6' title="bbox 165 2949 1359 3836">
    <p class='ocr_par' dir='ltr' id='par_1_13' title="bbox 165 2949 1359 3836">
     <span class='ocr_line' id='line_1_26' title="bbox 240 2949 1359 3098; baseline -0.011 -34"><span class='ocrx_word' id='word_1_177' title='bbox 240 3014 255 3059; x_wconf 92' lang='lat'>1</span> <span class='ocrx_word' id='word_1_178' title='bbox 306 3002 351 3065; x_wconf 80' lang='lat'>13.</span> <span class='ocrx_word' id='word_1_179' title='bbox 376 3003 438 3081; x_wconf 93' lang='lat' dir='ltr'>Ipsi</span> <span class='ocrx_word' id='word_1_180' title='bbox 461 3002 593 3062; x_wconf 85' lang='lat' dir='ltr'>Britanni</span> <span class='ocrx_word' id='word_1_181' title='bbox 616 2949 813 3061; x_wconf 61' lang='lat' dir='ltr'>dilectuiii&#39;dc</span> <span class='ocrx_word' id='word_1_182' title='bbox 835 2995 943 3056; x_wconf 90' lang='lat' dir='ltr'>tributa</span> <span class='ocrx_word' id='word_1_183' title='bbox 963 3007 993 3056; x_wconf 90' lang='lat' dir='ltr'>et</span> <span class='ocrx_word' id='word_1_184' title='bbox 1015 2995 1146 3055; x_wconf 91' lang='lat' dir='ltr'>iniuncta</span> <span class='ocrx_word' id='word_1_185' title='bbox 1167 2995 1321 3098; x_wconf 39' lang='lat' dir='ltr'>im-wt‘lx</span> <span class='ocrx_word' id='word_1_186' title='bbox 1355 3059 1359 3066; x_wconf 54' lang='grc'>,</span> 
     </span>
     <span class='ocr_line' id='line_1_27' title="bbox 165 3088 1240 3178; baseline -0.012 -19"><span class='ocrx_word' id='word_1_187' title='bbox 165 3146 168 3152; x_wconf 93' lang='grc'>.</span> <span class='ocrx_word' id='word_1_188' title='bbox 264 3098 335 3178; x_wconf 88' lang='lat' dir='ltr'>perii</span> <span class='ocrx_word' id='word_1_189' title='bbox 352 3095 611 3174; x_wconf 76' lang='lat' dir='ltr'>munera&#39;impigre</span> <span class='ocrx_word' id='word_1_190' title='bbox 626 3096 746 3166; x_wconf 87' lang='lat' dir='ltr'>obeunt,</span> <span class='ocrx_word' id='word_1_191' title='bbox 760 3091 784 3152; x_wconf 94' lang='lat' dir='ltr'>si</span> <span class='ocrx_word' id='word_1_192' title='bbox 799 3088 921 3150; x_wconf 89' lang='lat' dir='ltr'>iniuriae</span> <span class='ocrx_word' id='word_1_193' title='bbox 936 3090 1047 3150; x_wconf 88' lang='lat' dir='ltr'>absint:</span> <span class='ocrx_word' id='word_1_194' title='bbox 1069 3092 1122 3149; x_wconf 89' lang='lat' dir='ltr'>has</span> <span class='ocrx_word' id='word_1_195' title='bbox 1133 3098 1240 3169; x_wconf 54' lang='lat' dir='ltr'>aegffs</span> 
     </span>
     <span class='ocr_line' id='line_1_28' title="bbox 264 3183 1215 3270; baseline -0.011 -18"><span class='ocrx_word' id='word_1_196' title='bbox 264 3193 396 3266; x_wconf 88' lang='lat' dir='ltr'>tolerant,</span> <span class='ocrx_word' id='word_1_197' title='bbox 427 3192 485 3250; x_wconf 84' lang='lat' dir='ltr'>ianr</span> <span class='ocrx_word' id='word_1_198' title='bbox 515 3189 620 3250; x_wconf 89' lang='lat' dir='ltr'>domiti</span> <span class='ocrx_word' id='word_1_199' title='bbox 648 3200 680 3248; x_wconf 92' lang='lat' dir='ltr'>ut</span> <span class='ocrx_word' id='word_1_200' title='bbox 709 3198 837 3270; x_wconf 77' lang='lat' dir='ltr'>pareant,</span> <span class='ocrx_word' id='word_1_201' title='bbox 865 3187 1000 3244; x_wconf 90' lang='lat' dir='ltr'>nondum</span> <span class='ocrx_word' id='word_1_202' title='bbox 1025 3195 1056 3243; x_wconf 93' lang='lat' dir='ltr'>ut</span> <span class='ocrx_word' id='word_1_203' title='bbox 1082 3183 1215 3244; x_wconf 83' lang='lat' dir='ltr'>serviant.</span> 
     </span>
     <span class='ocr_line' id='line_1_29' title="bbox 240 3279 1217 3365; baseline -0.012 -17"><span class='ocrx_word' id='word_1_204' title='bbox 240 3287 357 3365; x_wconf 70' lang='lat' dir='ltr'>flgitur</span> <span class='ocrx_word' id='word_1_205' title='bbox 381 3286 493 3364; x_wconf 87' lang='lat' dir='ltr'>primus</span> <span class='ocrx_word' id='word_1_206' title='bbox 522 3284 656 3345; x_wconf 90' lang='lat' dir='ltr'>omnium</span> <span class='ocrx_word' id='word_1_207' title='bbox 683 3285 888 3342; x_wconf 90' lang='lat' dir='ltr'>Romanorum</span> <span class='ocrx_word' id='word_1_208' title='bbox 914 3279 1001 3339; x_wconf 88' lang='lat' dir='ltr'>divus</span> <span class='ocrx_word' id='word_1_209' title='bbox 1028 3279 1121 3338; x_wconf 91' lang='lat' dir='ltr'>Iulius</span> <span class='ocrx_word' id='word_1_210' title='bbox 1149 3299 1217 3338; x_wconf 90' lang='lat' dir='ltr'>cum</span> 
     </span>
     <span class='ocr_line' id='line_1_30' title="bbox 264 3378 1285 3456; baseline -0.01 -15"><span class='ocrx_word' id='word_1_211' title='bbox 264 3381 392 3441; x_wconf 89' lang='lat' dir='ltr'>exercitu</span> <span class='ocrx_word' id='word_1_212' title='bbox 408 3378 590 3439; x_wconf 90' lang='lat' dir='ltr'>Britanniam</span> <span class='ocrx_word' id='word_1_213' title='bbox 606 3379 759 3456; x_wconf 86' lang='lat' dir='ltr'>ingressus,</span> <span class='ocrx_word' id='word_1_214' title='bbox 773 3395 954 3453; x_wconf 89' lang='lat' dir='ltr'>quamquam</span> <span class='ocrx_word' id='word_1_215' title='bbox 967 3393 1106 3451; x_wconf 92' lang='lat' dir='ltr'>prospera</span> <span class='ocrx_word' id='word_1_216' title='bbox 1119 3392 1219 3450; x_wconf 90' lang='lat' dir='ltr'>pugna</span> <span class='ocrx_word' id='word_1_217' title='bbox 1277 3440 1285 3455; x_wconf 61' lang='lat'>„</span> 
     </span>
     <span class='ocr_line' id='line_1_31' title="bbox 264 3461 1290 3552; baseline -0.011 -16"><span class='ocrx_word' id='word_1_218' title='bbox 264 3475 396 3536; x_wconf 86' lang='lat' dir='ltr'>terruerit</span> <span class='ocrx_word' id='word_1_219' title='bbox 415 3475 527 3552; x_wconf 53' lang='lat' dir='ltr'>incedas</span> <span class='ocrx_word' id='word_1_220' title='bbox 545 3494 580 3533; x_wconf 91' lang='lat' dir='ltr'>ac</span> <span class='ocrx_word' id='word_1_221' title='bbox 594 3474 678 3532; x_wconf 90' lang='lat' dir='ltr'>litore</span> <span class='ocrx_word' id='word_1_222' title='bbox 696 3471 806 3551; x_wconf 90' lang='lat' dir='ltr'>potitus</span> <span class='ocrx_word' id='word_1_223' title='bbox 821 3469 866 3542; x_wconf 88' lang='lat' dir='ltr'>sit,</span> <span class='ocrx_word' id='word_1_224' title='bbox 882 3479 979 3545; x_wconf 88' lang='lat' dir='ltr'>potest</span> <span class='ocrx_word' id='word_1_225' title='bbox 995 3467 1087 3527; x_wconf 86' lang='lat' dir='ltr'>videri</span> <span class='ocrx_word' id='word_1_226' title='bbox 1102 3467 1218 3526; x_wconf 87' lang='lat' dir='ltr'>ostend·</span> <span class='ocrx_word' id='word_1_227' title='bbox 1229 3461 1250 3508; x_wconf 56' lang='lat' dir='ltr'>i</span> <span class='ocrx_word' id='word_1_228' title='bbox 1271 3482 1290 3504; x_wconf 79' lang='lat'>··’</span> 
     </span>
     <span class='ocr_line' id='line_1_32' title="bbox 240 3560 1217 3649; baseline -0.01 -19"><span class='ocrx_word' id='word_1_229' title='bbox 240 3571 321 3632; x_wconf 79' lang='lat' dir='ltr'>risse</span> <span class='ocrx_word' id='word_1_230' title='bbox 335 3569 467 3649; x_wconf 72' lang='lat' dir='ltr'>posteris</span> <span class='ocrx_word' id='word_1_231' title='bbox 486 3589 545 3628; x_wconf 93' lang='lat' dir='ltr'>non</span> <span class='ocrx_word' id='word_1_232' title='bbox 561 3567 724 3629; x_wconf 77' lang='lat' dir='ltr'>tradidisse</span> <span class='ocrx_word' id='word_1_233' title='bbox 770 3568 843 3624; x_wconf 91' lang='lat' dir='ltr'>Mox</span> <span class='ocrx_word' id='word_1_234' title='bbox 858 3564 934 3623; x_wconf 85' lang='lat' dir='ltr'>bella</span> <span class='ocrx_word' id='word_1_235' title='bbox 951 3560 1047 3621; x_wconf 91' lang='lat' dir='ltr'>civilia</span> <span class='ocrx_word' id='word_1_236' title='bbox 1065 3574 1094 3621; x_wconf 87' lang='lat' dir='ltr'>et</span> <span class='ocrx_word' id='word_1_237' title='bbox 1111 3561 1140 3620; x_wconf 93' lang='lat' dir='ltr'>in</span> <span class='ocrx_word' id='word_1_238' title='bbox 1156 3582 1217 3621; x_wconf 88' lang='lat' dir='ltr'>rem</span> 
     </span>
     <span class='ocr_line' id='line_1_33' title="bbox 264 3657 1218 3744; baseline -0.01 -18"><span class='ocrx_word' id='word_1_239' title='bbox 264 3666 415 3744; x_wconf 87' lang='lat' dir='ltr'>publicam</span> <span class='ocrx_word' id='word_1_240' title='bbox 430 3685 513 3726; x_wconf 87' lang='lat' dir='ltr'>versa</span> <span class='ocrx_word' id='word_1_241' title='bbox 533 3663 697 3742; x_wconf 91' lang='lat' dir='ltr'>principum</span> <span class='ocrx_word' id='word_1_242' title='bbox 718 3680 857 3734; x_wconf 70' lang='lat' dir='ltr'>arma—ac</span> <span class='ocrx_word' id='word_1_243' title='bbox 875 3660 963 3736; x_wconf 91' lang='lat' dir='ltr'>longa</span> <span class='ocrx_word' id='word_1_244' title='bbox 981 3657 1091 3717; x_wconf 92' lang='lat' dir='ltr'>oblivio</span> <span class='ocrx_word' id='word_1_245' title='bbox 1108 3657 1218 3718; x_wconf 87' lang='lat' dir='ltr'>Britan-</span> 
     </span>
     <span class='ocr_line' id='line_1_34' title="bbox 264 3753 1216 3836; baseline -0.009 -16"><span class='ocrx_word' id='word_1_246' title='bbox 264 3760 331 3821; x_wconf 90' lang='lat' dir='ltr'>niae</span> <span class='ocrx_word' id='word_1_247' title='bbox 346 3760 434 3828; x_wconf 86' lang='lat' dir='ltr'>etiam</span> <span class='ocrx_word' id='word_1_248' title='bbox 450 3759 480 3819; x_wconf 93' lang='lat' dir='ltr'>in</span> <span class='ocrx_word' id='word_1_249' title='bbox 495 3780 582 3836; x_wconf 89' lang='lat' dir='ltr'>pace:</span> <span class='ocrx_word' id='word_1_250' title='bbox 604 3758 761 3818; x_wconf 89' lang='lat' dir='ltr'>consilium</span> <span class='ocrx_word' id='word_1_251' title='bbox 776 3757 807 3816; x_wconf 93' lang='lat' dir='ltr'>id</span> <span class='ocrx_word' id='word_1_252' title='bbox 822 3755 907 3816; x_wconf 92' lang='lat' dir='ltr'>divus</span> <span class='ocrx_word' id='word_1_253' title='bbox 920 3757 1071 3831; x_wconf 88' lang='lat' dir='ltr'>Augustus</span> <span class='ocrx_word' id='word_1_254' title='bbox 1083 3753 1216 3825; x_wconf 86' lang='lat' dir='ltr'>vocabat,</span> 
     </span>
    </p>
   </div>
   <div class='ocr_carea' id='block_1_7' title="bbox 0 0 1384 4134">
    <p class='ocr_par' dir='ltr' id='par_1_14' title="bbox 0 0 1384 4134">
     <span class='ocr_line' id='line_1_35' title="bbox 0 0 1384 4134; baseline 0 0"><span class='ocrx_word' id='word_1_255' title='bbox 0 0 1384 4134; x_wconf 95' lang='lat' dir='ltr'> </span> 
     </span>
    </p>
   </div>
  </div>
 </body>
</html>
