2738 4134
257 373 291 429 50
606 337 609 341 ’
650 370 815 414 Acarcora

256 507 312 566 bus
329 507 433 566 caetris
453 506 574 566 missilia
596 517 763 566 nostrorum
782 504 873 565 vitare
892 506 939 565 vel
958 513 1102 580 excutere,
1119 517 1209 583 atque

257 599 312 677 ipsi
330 620 468 676 magnam
489 600 548 659 vim
571 601 695 658 telorum
718 599 938 674 superfundere,
956 599 1053 657 donec
1070 599 1209 676 Agricola

257 696 434 752 Batavorum
455 695 592 756 cohortes
593 712 645 781 ,ap
664 695 852 780 {l'pngrorum
873 693 946 750 duas
963 693 1135 751 cohortatus
1154 704 1206 766 est,

256 798 288 847 ut
302 807 364 846 rem
378 787 418 846 ad
433 805 759 874 warnarius
773 787 956 844 adducerent
961 807 970 858 3
991 787 1074 862 quod
1091 797 1121 846 et
1138 786 1209 862 ipsis

256 891 399 941 vetustate
418 879 538 939 militiae
557 880 746 938 exercitatum
766 889 796 938 et
812 878 948 938 hostibus
965 879 1103 952 inhabile,
1120 899 1209 956 parva

256 985 339 1035 scuta
361 985 390 1033 et
412 993 547 1032 enormes
568 973 682 1050 gladios
703 959 872 1049 gerentibus
878 993 886 1046 3
911 992 980 1038 nam
998 972 1208 1036 Britannorum

1301 1009 1318 1029 ,ι

1300 1036 1303 1064 l

255 1068 346 1145 gladii
361 1068 424 1128 sine
440 1086 580 1125 mucrone
599 1068 788 1143 complexum
808 1085 957 1126 armorum
971 1077 1001 1125 et
1016 1066 1045 1124 in
1060 1077 1124 1126 arto
1139 1087 1209 1144 pug·
1243 1064 1312 1132 W

231 1174 336 1220 anam.
355 1181 415 1220 non
444 1161 617 1220 tolerabant.
662 1159 755 1237 Igitur
782 1171 815 1219 ut
844 1161 946 1219 Batavi
974 1139 1267 1234 miscere-ictu(

162 1249 340 1344 ''41³2‘''serire
363 1255 553 1360 ψ,
578 1273 628 1336 ora
657 1256 766 1327 fodere,
796 1264 825 1313 et
853 1253 949 1313 stratis
974 1254 1025 1330 qui
1053 1254 1083 1312 in
1111 1273 1208 1331 aequo

166 1345 179 1364 ⁹
255 1348 435 1421 adstiterant,
458 1347 566 1425 erigere
588 1347 618 1406 in
640 1350 731 1407 colles
751 1347 846 1407 aciem
868 1366 1001 1424 coepere,
1024 1358 1139 1416 ceterae
1161 1367 1209 1406 co·
1303 1395 1307 1411 .

255 1443 354 1500 hortes
371 1441 570 1500 aemulatione
587 1453 616 1501 et
636 1442 747 1517 impetu
768 1441 887 1525 cppisae
905 1441 1055 1518 proximos
1073 1453 1208 1518 quosque
1222 1451 1253 1566 ‘lh
1276 1453 1327 1524 'ga

255 1521 392 1596 caedere:
421 1554 456 1594 ac
478 1535 611 1612 plerique
625 1535 798 1624 Q
821 1546 871 1594 aut
894 1534 999 1612 integri
1012 1535 1168 1687 ῥῗὲἕο
1288 1613 1289 1617 ¹

231 1629 394 1689 avictoriae
420 1629 668 1704 relinquebantur.
714 1629 836 1688 Interim
865 1628 999 1705 equiturn
1027 1640 1060 1688 tu
1106 1587 1299 1703 ael'utdwl

256 1726 354 1800 fugere
387 1722 556 1795 covinnarii,
586 1723 720 1799 peditum
752 1741 784 1782 se
814 1722 927 1799 proelio
959 1722 1110 1782 miscuere.
1169 1726 1209 1784 Et

255 1837 436 1893 quamquam
459 1828 607 1876 recentem
632 1826 772 1876 terrorem
794 1815 960 1888 intulerant,
987 1816 1086 1876 densis
1108 1827 1207 1877 tamen

255 1911 385 1991 hostium
400 1909 566 1987 agminibus
577 1921 606 1969 et
620 1909 825 1987 inaequalibus
840 1909 913 1968 locis
928 1909 1104 1983 haerebant3
1124 1910 1208 1969 mini-

256 2025 364 2081 meque
385 2024 479 2081 aequa
497 2004 603 2064 nostris
624 2003 684 2063 iarn
705 2023 822 2081 pugnae
844 2003 932 2063 facies
950 2014 1018 2075 erat,
1035 2023 1104 2063 cum
1122 2023 1209 2082 aegre

255 2098 331 2158 clivo
349 2098 491 2158 instantes
514 2099 601 2158 simul
621 2117 765 2175 equorum
783 2097 955 2174 corporibus
975 2098 1194 2174 impellerentur
1199 2120 1207 2172 ;

252 2211 290 2251 ac
314 2212 402 2269 saepe
427 2192 492 2268 vagi
517 2211 626 2265 currus,
650 2191 775 2251 exterriti
801 2192 865 2251 sine
889 2190 1051 2251 rectoribus
1076 2192 1153 2268 equi,
1175 2203 1212 2252 ut
1319 2254 1324 2263 .

254 2304 405 2362 quemque
424 2285 552 2346 formido
571 2287 683 2357 tulerat,
700 2295 879 2344 transversos
896 2294 947 2344 aut
962 2285 1065 2344 obvios
1080 2284 1296 2481 iucuys

255 2379 334 2439 bant.

259 2559 315 2613 Tha
335 2562 453 2614 Brz'tans
474 2578 547 2615 come
566 2562 649 2615 down
668 2560 713 2614 tae
730 2560 787 2614 till
802 2567 830 2614 ta
847 2557 993 2615 surraund
1008 2560 1053 2614 tlte
1074 2562 1205 2630 Romans,

323 2645 373 2728 but
393 2645 530 2714 Agricola
549 2646 630 2698 senar
648 2661 757 2698 reserva
778 2645 901 2714 cavalry.
941 2645 1077 2713 Complete
1090 2649 1162 2697 'roal
1178 2645 1212 2713 af

323 2729 447 2782 Britanr.
489 2729 516 2780 T
512 2729 546 2782 lac
555 2730 681 2798 parauit.

229 2876 244 2919 1
293 2860 341 2922 37.
366 2864 404 2922 Et
430 2861 571 2936 Britanni,
594 2862 649 2939 qui
667 2865 766 2922 adhuc
791 2881 908 2940 pugnae
933 2872 1065 2939 expertes
1090 2881 1206 2948 summa

253 2956 372 3014 collium
396 2955 565 3015 insederant
582 2967 611 3015 et
633 2955 812 3032 paucitatem
835 2967 1002 3016 nostrorum
1024 2956 1109 3014 vacui
1129 2974 1206 3032 sper-

253 3049 373 3120 nebant,
392 3049 514 3128 degredi
535 3051 676 3124 paulatim
696 3049 900 3137 etucircumire
922 3061 1002 3126 terga
1023 3047 1202 3120 vincentium

252 3141 419 3218 coeperant,
437 3126 467 3200 ni
482 3138 625 3231 idipsum
641 3111 748 3203 vehlhs
763 3114 901 3222 hgricola
918 3154 1057 3219 quattuor
1071 3141 1203 3218 equitum

164 3263 185 3317 q.
219 3219 320 3309 *alas
339 3217 508 3332 fflussitd
536 3228 606 3296 belli
634 3209 769 3310 rdfflas,
796 3235 983 3297 venientibus
1008 3234 1201 3313 opposuisset,
1289 3301 1294 3318 .
1338 3220 1347 3232 ”

177 3322 181 3331 “
252 3321 572 3407 quantoque'lcrocius
592 3333 826 3404 adcucurrerant,
843 3342 926 3394 tanto
944 3329 1038 3390 acrius
1058 3332 1158 3406 pulsos
1173 3330 1203 3388 in
1344 3321 1347 3328 ’

229 3426 352 3502 afugam
377 3424 547 3484 disiecisset.
592 3427 639 3484 Ita
663 3425 818 3485 consilium
845 3425 1054 3485 Britannorum
1076 3425 1105 3484 in
1124 3424 1204 3501 ipsos

252 3538 377 3593 versum,
394 3530 635 3595 transvectaeque
649 3531 807 3596 praecepto
825 3519 908 3579 ducis
926 3540 943 3579 a
960 3521 1055 3578 fronte
1073 3537 1204 3596 pugnan-

252 3612 326 3676 tium
347 3613 411 3672 alae
432 3631 563 3675 aversam
585 3614 714 3677 hostium
736 3613 830 3674 aciem
853 3612 992 3674 invasere.
1036 3615 1116 3674 Turn
1134 3631 1203 3676 vero
1254 3633 1259 3642 ·
