2738 4134
583 322 747 364 AGRICOLA.
1108 322 1142 378 59

188 467 354 520 Invocation
366 467 451 536 oftlze
463 468 539 520 dead.
576 469 723 520 Imitatzbn
736 469 772 536 of
784 467 858 520 tlzez'r
868 469 977 520 virtues
988 469 1014 519 is
1030 466 1075 519 the
1086 467 1143 520 best

259 565 324 616 way
336 550 370 618 of
379 548 541 620 honouring
552 550 598 602 the
609 549 685 603 deaei.
722 549 750 602 A
749 549 883 620 gricola's
898 565 980 602 name
993 549 1071 602 shall
1085 549 1143 602 live

251 631 386 700 sorever.

228 761 276 823 46.
300 765 330 824 Si
351 765 417 841 quis
437 765 554 842 piorum
576 766 713 826 manibus
734 767 825 838 locuS,
849 765 881 838 si,
905 776 937 826 ut
959 765 1164 842 sapientibus1

188 860 292 935 placet,
315 879 375 918 non
401 878 469 917 cum
494 878 617 936 corpore
638 859 847 940 extinguuntur
868 880 991 937 magnae
1014 860 1139 933 animae,

188 953 304 1028 placide
329 952 471 1028 quiescas,
488 973 615 1030 nosque
640 955 765 1013 domum
787 965 869 1013 tuam
893 954 931 1014 ab
953 953 1070 1013 infirmo
1092 956 1140 1014 de·

188 1046 297 1104 siderio
332 1058 362 1104 et
394 1045 587 1106 muliebribus
619 1047 755 1106 lamentis
787 1050 826 1108 ad
858 1049 1140 1124 contemplationem

188 1139 327 1198 virtutum
349 1151 465 1199 tuarum
484 1160 580 1212 voceS,
597 1160 671 1217 quas
691 1161 788 1217 neque
810 1141 901 1218 lugeri
922 1161 1020 1217 neque
1041 1142 1140 1218 plangi

188 1234 230 1290 fas
246 1244 297 1291 est.
341 1233 548 1292 Admiratione
563 1234 661 1310 potius
677 1246 706 1294 et
721 1234 936 1294 immortalibus
952 1235 1089 1295 laudibus
1101 1247 1164 1307 et,2

188 1327 212 1384 si
234 1338 337 1385 natura
358 1328 534 1404 suppeditet,
559 1327 751 1388 similitudine
777 1339 806 1387 te
830 1329 976 1387 colamus:
1005 1328 1030 1386 is
1054 1348 1139 1388 verus

188 1421 292 1490 honos,
309 1441 344 1479 ea
359 1421 592 1481 coniunctissimi
610 1421 754 1499 cuiusque
773 1423 874 1499 pietas.
920 1423 957 1481 ld
977 1421 1054 1481 filiae
1068 1440 1163 1498 quo-³

187 1533 246 1588 que
261 1515 402 1590 uxorique
417 1515 624 1592 praeceperim,
638 1516 679 1574 sic
691 1515 787 1591 patris
802 1516 844 1574 sic
856 1515 951 1574 mariti
966 1517 1139 1575 memoriam

188 1607 325 1680 venerari,
343 1619 375 1666 ut
397 1609 496 1666 omnia
517 1609 593 1667 facta
616 1609 753 1685 dictaque
775 1608 838 1668 eius
860 1628 959 1667 secum
979 1611 1136 1682 revolvant,

188 1702 372 1776 formamque
387 1721 422 1759 ac
437 1703 559 1778 figuram
579 1702 670 1761 animi
693 1703 785 1778 magis
804 1723 895 1778 quam
915 1702 1045 1778 corporis
1060 1722 1137 1761 com-

187 1795 360 1870 plectantur,
384 1815 445 1854 non
467 1795 537 1871 quia
562 1795 808 1856 intercedendum
832 1808 936 1874 putem
961 1795 1138 1873 imaginibus

187 1907 263 1963 quae
289 1908 433 1946 marmore
460 1900 511 1947 aut
538 1909 605 1948 aere
633 1891 790 1966 finguntur,
818 1892 879 1963 sed,
910 1900 942 1949 ut
966 1892 1063 1950 vultus
1088 1892 1139 1949 ho-

188 1981 309 2053 minurn,
330 1981 370 2040 ita
391 1982 545 2041 simulacra
566 1985 663 2042 vultus
684 1982 832 2042 imbecilla
849 2003 884 2043 ac
905 1984 1039 2043 mortalia
1060 1995 1136 2057 sunt,

187 2076 281 2133 sonna
298 2075 405 2133 mentis
420 2087 546 2147 aeterna,
563 2096 653 2151 quam
669 2087 769 2135 tenere
784 2089 813 2135 et
828 2076 989 2154 exprimere
1005 2097 1065 2137 non
1087 2098 1139 2154 per

187 2167 314 2227 alienam
333 2170 485 2228 materiam
503 2181 531 2228 et
549 2181 642 2228 artem
661 2171 714 2229 sed
732 2170 789 2228 tuis
804 2171 867 2246 ipse
884 2170 1016 2230 moribus
1032 2170 1136 2247 possis

189 2261 344 2337 Quidquid
359 2281 394 2320 ex
408 2262 546 2338 Agricola
560 2261 731 2334 amavimus,
749 2263 896 2339 quidquid
916 2263 1011 2322 mirati
1026 2279 1163 2336 sumum

187 2366 287 2414 manet
312 2375 543 2432 mansurumque
567 2367 611 2415 est
633 2355 663 2414 in
684 2357 790 2416 animis
811 2357 975 2429 hominum,
997 2356 1028 2416 in
1049 2369 1138 2418 aeter-

187 2449 278 2508 nitate
292 2460 468 2526 temporum,
481 2451 560 2508 fama
574 2470 671 2508 rerum
678 2471 686 2522 3
707 2470 776 2510 nam
792 2453 900 2511 multos
912 2462 1044 2510 veterum
1059 2453 1138 2511 velut

188 2542 326 2619 inglorios
345 2554 374 2602 et
393 2543 531 2620 ignobilis
550 2543 659 2602 oblivio
679 2544 790 2603 obruit·
816 2543 954 2622 Agricola
975 2545 1138 2620 posteritati

188 2647 318 2696 narratus
333 2647 362 2695 et
377 2636 500 2696 traditus
514 2648 661 2714 superstes
676 2635 738 2697 erit.
