2738 4134
252 295 287 364 56
645 307 809 350 aoarcors

250 452 279 502 et
300 461 352 519 per
371 442 434 500 fora
453 451 482 500 et
501 441 626 500 circulos
644 441 735 501 locuti
752 453 835 513 sunt,
856 461 911 500 nec
928 440 1086 518 quisquam
1100 441 1202 502 audita

250 545 345 593 morte
373 533 528 611 Agricolae
559 544 610 593 aut
642 535 766 594 laetatus
797 545 841 594 est
873 545 923 593 aut
954 534 1053 593 statim
1081 534 1198 595 oblitus.

225 628 386 705 sAugebat
407 625 627 688 miserationem
648 639 787 688 constans
806 647 905 686 rumor
922 647 1039 687 veneno
1059 628 1201 706 intercep

249 733 327 782 turn:
349 721 436 781 nobis
451 721 523 780 nihil
539 720 690 798 comperti,
703 721 859 781 adfirmare
873 732 906 781 ut
920 719 1023 781 ausim.
1061 725 1200 783 Ceterum

248 834 301 892 per
326 834 447 874 omnem
472 797 678 874 valetudinemx
699 814 762 874 eius
786 815 916 873 crebrius
940 834 1029 890 quam
1059 836 1094 874 ex
1119 836 1200 875 more

248 909 430 986 principatus
455 928 508 986 per
532 907 652 967 nuntios
674 907 794 968 visentis
819 919 847 967 et
870 908 1041 968 libertorum
1063 909 1150 985 primi
1171 921 1200 970 et

249 1002 433 1062 medicorum
455 1001 551 1060 intimi
569 1021 683 1075 venere,
700 1001 761 1061 sive
782 1021 852 1062 cura
873 1002 946 1062 illud
967 1002 1028 1062 sive
1049 1002 1200 1080 inquisitio

225 1106 316 1158 aerat.
371 1097 517 1173 Supremo
542 1095 663 1171 quidem
688 1095 737 1156 die
765 1107 918 1155 momenta
945 1094 1008 1172 ipsa
1036 1096 1200 1156 deficientis

247 1209 300 1266 per
314 1189 473 1266 dispositos
487 1208 620 1248 cursores
634 1189 768 1248 nuntiata
782 1189 945 1261 constabat,
962 1191 1044 1248 nullo
1061 1191 1200 1252 credente

248 1282 289 1342 sic
303 1281 463 1342 adcelerari
478 1301 554 1358 quae
569 1281 657 1341 tristis
671 1282 793 1343 audiret.
831 1282 966 1358 Speciem
979 1294 1077 1343 tamen
1089 1283 1199 1344 doloris

247 1376 339 1435 animi
354 1378 436 1435 vultu
450 1396 520 1453 prae
539 1395 571 1435 se
590 1375 664 1448 tulit,
681 1395 800 1436 securus
819 1376 878 1435 iam
893 1376 955 1436 odii
972 1387 1001 1436 et
1019 1377 1070 1452 qui
1088 1377 1199 1438 facilius

223 1470 444 1531 sdissimularet
471 1470 613 1547 gaudium
643 1488 733 1546 quam
761 1481 881 1529 metum.
941 1470 1016 1529 Satis
1044 1472 1199 1531 constabat

247 1564 325 1622 lecto
356 1574 534 1622 testamento
567 1563 730 1640 Agricolae,
766 1583 827 1640 quo
859 1564 1038 1623 coheredem
1070 1563 1199 1640 optimae

247 1657 329 1715 uxori
354 1668 384 1716 et
407 1656 557 1733 piissimae
582 1657 658 1716 filiae
684 1657 890 1725 Domitianum
913 1657 1036 1732 scripsit,
1059 1658 1198 1717 laetatum

247 1771 315 1810 eum
339 1753 418 1810 velut
441 1752 555 1810 honore
578 1749 757 1828 iudicioque.
800 1753 877 1809 Tam
901 1770 989 1809 caeca
1011 1761 1040 1810 et
1063 1763 1200 1829 corrupta

247 1864 331 1904 mens
358 1844 483 1904 assiduis
511 1845 731 1904 adulationibus
759 1855 828 1918 erat,
859 1855 891 1903 ut
920 1843 1045 1904 nesciret
1072 1864 1090 1904 a
1117 1845 1199 1904 bono

245 1949 327 2015 patre
342 1958 404 1998 non
419 1938 506 1998 scribi
521 1939 661 1998 heredem
676 1937 732 1998 nisi
746 1939 857 1998 malum
872 1935 1044 2015 principem.

244 2117 338 2172 Dealle
350 2136 386 2173 oa
400 2120 518 2187 August
531 2120 609 2188 ajrd,
618 2134 663 2188 93.
705 2120 763 2172 His
772 2120 909 2188 personal
924 2121 1102 2187 appearance.
1139 2120 1199 2174 His

315 2203 365 2272 life
383 2203 488 2273 though
507 2201 587 2257 short
604 2220 664 2255 was
680 2203 826 2272 glemona·
846 2202 880 2254 Ire
897 2218 959 2254 was
975 2202 1007 2253 in
1027 2219 1122 2255 means
1138 2204 1197 2271 sus-

308 2287 413 2354 ficz'ent,
436 2286 498 2340 and
517 2285 610 2355 happy
633 2286 665 2338 in
689 2286 734 2339 tlte
758 2290 879 2338 moment
901 2285 934 2356 oj
956 2285 1002 2338 lais
1025 2285 1114 2352 death,
1139 2287 1202 2340 aad

315 2370 441 2423 consaled
449 2370 520 2423 wita
527 2370 682 2438 presa'eace
694 2367 729 2437 af
739 2369 766 2421 T
762 2369 870 2438 rajan’s
881 2370 970 2438 retgas.

220 2520 235 2563 1
283 2500 331 2560 44.
356 2503 452 2562 Natus
472 2514 532 2562 erat
551 2503 689 2579 Agricola
703 2503 780 2563 Gaio
795 2503 922 2564 Caesare
941 2503 1059 2562 tertium
1074 2506 1197 2564 consule

243 2596 342 2654 idibus
367 2597 474 2655 Iuniis:
503 2597 626 2655 excessit
650 2607 756 2674 quarto
781 2608 811 2657 et
835 2597 1082 2674 quinquagesimo
1106 2617 1194 2672 ann0,

243 2691 372 2749 decumo
390 2691 531 2750 kalendas
553 2689 735 2767 Septembris
754 2693 876 2768 Collega
896 2690 1056 2768 Priscoque
1071 2691 1197 2751 consuli-

214 2782 306 2845 ‘abus
356 2784 448 2858 Quod
477 2783 501 2842 si
530 2783 665 2842 habiturn
694 2803 815 2861 quoque
844 2785 907 2844 eius
935 2785 1045 2861 posteri
1073 2803 1196 2844 noscere

242 2877 341 2950 velint,
365 2877 517 2936 decentior
537 2895 627 2953 quam
650 2877 803 2936 sublimior
821 2877 889 2952 suit,
918 2877 990 2936 nihil
1015 2877 1142 2955 impetus
1164 2877 1195 2938 in

241 2973 338 3030 vultu:
370 2971 462 3048 gratia
486 2969 544 3029 oris
569 2967 741 3048 supererat..
772 2973 890 3030 Bonum
907 2971 1007 3032 airum
1030 2971 1115 3032 facile
1136 2991 1196 3032 cre-

218 3064 334 3136 aderes,
361 3083 500 3140 magnum
528 3063 661 3125 libenter.
706 3066 744 3124 Et
769 3063 831 3142 ipse
856 3065 985 3141 quidem,
1012 3086 1194 3143 quamquam

233 3157 343 3227 ,medio
369 3155 401 3216 in
429 3157 525 3234 spatio
553 3156 683 3236 integrae
707 3157 811 3218 aetatis
836 3169 961 3235 ereptus,
985 3171 1129 3236 quantum
1153 3161 1193 3220 ad

240 3249 372 3327 gloriam,
398 3250 604 3327 longissimum
632 3271 738 3330 aevum
766 3250 885 3327 peregit.
930 3251 1051 3330 Quippe
1075 3264 1104 3312 et
1126 3273 1194 3313 vera

241 3344 328 3416 bona,
345 3363 422 3420 quae
436 3344 467 3403 in
481 3343 638 3405 virtutibus
652 3345 706 3403 sita
721 3338 797 3416 sunt,
811 3343 990 3420 impleverat,
1004 3356 1033 3405 et
1047 3347 1193 3406 consulari

239 3457 274 3497 ac
285 3438 514 3516 triumphalibus
526 3436 705 3498 ornamentis
720 3436 855 3512 praedito
866 3437 941 3514 quid
951 3438 1032 3500 aliud
1043 3440 1192 3499 adstruere

239 3531 357 3591 fortuna
381 3542 496 3608 poterat
518 3528 758 3660 (opibuwmhs
778 3550 840 3590 non
860 3532 1018 3609 gaudebat,
1041 3530 1193 3610 speciosae
