2738 4134
570 406 734 509 nlonrconn.
1096 407 1124 463 51

173 553 224 620 pat
226 563 262 600 en
265 540 430 616 tibuslocis
445 542 556 618 grande
577 551 639 599 eta
641 552 705 599 trox
717 543 939 616 spectaculum:
962 540 1053 617 sequi,
1069 544 1129 600 vul-

174 655 275 693 nerare
276 655 402 710 ‚capere
424 645 513 710 atque
527 635 650 693 eosdem
666 633 755 693 obla
748 653 773 692 rs
787 633 851 692 aliis
866 635 1018 693 trucidare.
1063 637 1152 694 Iamo
1270 681 1276 704 ,

173 729 326 802 hosium
327 682 556 804 fficurque
549 747 598 804 mg
639 749 647 785 r
734 749 746 785 r
778 705 1279 804 ,catervaeesrrrrrarnmm-W‘

172 823 396 900 paucioribust
398 843 465 898 erga
486 833 641 898 praestare,
659 821 809 898 quidam
803 843 929 881 mermes
949 825 1025 881 ultro
1045 843 1151 882 ruere.

172 937 208 975 ac
233 937 265 976 se
287 917 374 975 morti
398 919 508 975 offerre.
555 915 668 975 Passim
693 936 774 974 arma
796 926 825 975 et
846 927 969 992 corpora¹
991 928 1019 976 et
1041 918 1128 976 laceri

172 1021 252 1070 artus
278 1021 307 1069 et
331 1023 453 1070 cruenta
477 1010 586 1069 humus
593 1032 601 1083 3
629 1021 658 1069 et
681 1009 842 1086 aliquando
867 1011 956 1069 etiam
981 1010 1065 1070 victis
1087 1011 1128 1070 ira

172 1105 329 1180 virtusque.
368 1107 529 1180 Postquam
543 1104 621 1163 silvis
633 1104 950 1181 appropinquaverunt,
963 1105 1152 1164 identidem

171 1199 282 1276 primos
302 1198 490 1275 sequentium
511 1198 646 1258 incautos
668 1200 784 1258 collecti
806 1210 835 1257 et
856 1201 988 1278 locorum
1010 1199 1126 1276 ignaros

170 1292 253 1369 gnari
278 1292 558 1352 circumveniebant.
603 1293 695 1367 Quod
716 1292 746 1350 ni
764 1295 901 1368 frequens
913 1293 1030 1370 ubique
1045 1294 1126 1370 Agri-

171 1389 237 1446 cola
259 1386 371 1446 validas
400 1398 428 1445 et
454 1386 606 1463 expeditas
632 1388 768 1446 cohortes
798 1385 954 1478 indaginis,
970 1388 1069 1459 modo,
1097 1377 1147 1447 et¹

171 1479 266 1540 sicubi
283 1481 389 1540 artiora
404 1492 485 1540 erant
503 1480 915 1559 partemequitumdimissis
930 1480 1021 1556 equis
1039 1481 1126 1544 simul

1282 716 1295 747 'r

41 1637 43 1644 ,
94 1625 101 1630 .,
170 1575 292 1652 rariores
322 1575 408 1634 silvas
440 1575 571 1651 equitem
603 1576 764 1650 persultare
799 1573 938 1646 iussisset,
968 1586 1125 1652 acceptum

80 1690 87 1697 ·
170 1669 291 1748 aliquod
307 1669 413 1728 vulnus
428 1689 481 1745 per
495 1667 618 1727 nimiam
636 1668 777 1728 fiduciam
792 1670 874 1727 foret.
919 1670 1059 1730 Ceterum
1075 1670 1149 1728 ubiu

169 1750 352 1840 compositos
368 1763 458 1822 firmis
474 1761 628 1822 ordinibus
644 1762 727 1839 sequi
742 1782 840 1821 rursus
855 1763 987 1835 videre,
980 1783 1010 1821 m
1025 1764 1124 1840 fugam

170 1857 252 1928 versi,
277 1877 337 1916 non
363 1857 538 1934 agminibus,
563 1867 595 1915 ut
617 1857 716 1960 prius,
729 1876 784 1914 nec
805 1857 878 1915 alius
901 1857 990 1915 alium
1013 1877 1124 1954 respec-
1168 1901 1169 1904 η

169 1961 232 2009 tant
234 1971 273 2023 ες,
296 1950 351 2009 rari
374 1961 404 2009 et
424 1962 464 2009 vit
445 1947 605 2009 tabundi'
598 1970 628 2008 1n
650 1949 746 2008 vicem
767 1949 929 2026 longinqua
950 1961 1038 2026 atque
1060 1952 1125 2009 avia

168 2044 287 2122 petiere
341 2044 421 2103 Finis
450 2043 595 2120 sequendi
624 2063 683 2101 nox
711 2053 739 2100 et
768 2043 885 2102 satietas
914 2044 976 2103 fuit'
1029 2047 1147 2105 Caesae

169 2138 299 2197 hostium
323 2139 362 2198 ad
385 2140 490 2198 decem
512 2137 606 2196 milia:
640 2149 708 2196 nost
709 2157 808 2195 rorum
814 2117 953 2196 trecenti
975 2138 1124 2214 sexaginta

168 2231 348 2304 cecidere,'
341 2252 371 2289 rn
401 2231 467 2308 quis
503 2232 596 2290 Aulus
632 2230 748 2289 Atticus
783 2233 913 2305 praelect
914 2251 948 2290 us
983 2232 1121 2304 cohortis

168 2325 288 2385 iuvenili
303 2327 408 2386 ardore
422 2336 451 2385 et
466 2325 575 2384 ferocia
590 2324 658 2401 equi
673 2324 809 2384 hostibus
824 2323 939 2384 inlatus,

167 2507 256 2576 After
271 2507 317 2560 the
334 2507 434 2570 battle;
456 2506 569 2574 despair
581 2506 617 2576 of
630 2506 755 2558 Bm'tonu
793 2507 903 2559 Roman
925 2523 1007 2576 army
1025 2508 1124 2560 relz'res

238 2591 361 2660 through
373 2590 419 2642 tlte
431 2591 564 2658 tem'tory
576 2589 611 2659 of
621 2590 666 2641 tlte
679 2588 817 2642 ‘Boresti’
831 2595 858 2641 to
870 2591 975 2642 winter
985 2597 1120 2658 quarters.

244 2676 270 2727 T
266 2673 300 2726 he
310 2675 380 2742 fleat
397 2675 651 2742 circumnavigata
669 2672 714 2725 the
735 2673 818 2726 north
837 2673 898 2725 and
910 2690 977 2743 goes
998 2675 1057 2726 into
1078 2674 1124 2727 tlte

239 2757 353 2827 ‘portus
369 2758 395 2810 T
392 2757 583 2810 ruccolenn's’.

208 2890 254 2952 38.
281 2893 319 2951 Et
332 2911 393 2951 nox
410 2891 532 2968 quidem
549 2890 659 2967 gaudio
674 2892 843 2967 praedaque
857 2892 934 2950 laeta
948 2889 1146 2956 victoribus:1

169 2986 302 3045 Britanni
317 2987 450 3062 palantes
465 2985 616 3060 mixtoque
632 2975 759 3043 virorum
776 2984 992 3062 mulierumque
1007 2987 1122 3060 ploratu

167 3081 281 3139 trahere
304 3081 480 3152 vulneratos
504 3099 609 3138 vocare
635 3078 930 3154 integros-descrere
956 3080 1063 3137 domos
1087 3099 1123 3137 ac

45 3161 53 3174 '
89 3237 92 3242 ,
167 3194 249 3255 per
238 3173 311 3232 iram
329 3175 406 3233 ultro
426 3174 593 3246 incendere,
610 3163 716 3248 eligere
734 3172 860 3231 latebras
877 3184 906 3231 et
925 3172 1023 3231 statim
1039 3172 1122 3230 relin-

86 3284 96 3326 ,’
167 3287 272 3344 quere3
296 3267 419 3326 miscere
441 3268 471 3325 in
493 3266 589 3326 vicem
611 3257 862 3418 ffiffllafiqua’
882 3266 956 3325 dein
975 3285 1123 3343 separare3

88 3396 91 3404 ·
166 3361 453 3466 aliquandolsrangi
459 3372 593 3462 aspectu
598 3379 724 3436 prgru
726 3345 902 3442 miliorum,
920 3360 1036 3436 saepius
1054 3379 1123 3419 con-

79 3505 81 3508 .
167 3455 257 3514 citari
301 3456 436 3531 Satisque
454 3466 539 3516 const
528 3454 609 3513 tabat
627 3453 753 3514 saevisse
768 3453 940 3529 quosdam
934 3473 963 3511 m
981 3452 1146 3531 coniugesa

166 3570 201 3620 ac
216 3550 332 3621 liberos,
347 3560 498 3642 tamquam
514 3550 727 3624 misererentur
772 3547 926 3606 Proximus
937 3548 1001 3607 dies
1016 3547 1121 3606 faciem

128 3645 137 3656 '
166 3644 306 3703 victoriae
326 3643 412 3703 lati'us
431 3643 557 3724 aperuit:
533 3653 695 3702 tvastum
713 3634 824 3719 ubique
844 3619 938 3700 silerit
919 3652 1001 3714 uum,
1018 3641 1122 3700 secreti
