2738 4134
499 329 514 362 ‘
543 341 560 352 ‘
587 367 752 419 mmmm
1112 367 1146 428 23

194 511 224 564 et
242 502 389 564 inscitiam
407 506 529 565 rettulit:
551 507 605 566 sed
623 476 745 566 nosceris
762 506 951 584 provinciam,
968 507 1052 566 nosci
1069 526 1147 567 exer-

212 598 272 672 itui,
294 599 407 658 discere
427 619 445 658 a
465 600 573 676 peritis,
594 621 626 660 se
649 601 678 660 ui
700 621 718 660 ο
741 600 837 672 timos
861 600 934 671 nihil
954 602 1094 677 adpetere
1116 601 1146 660 in

22 704 26 709 ’
101 570 391 859 sanationem,
416 693 489 751 nihil
510 666 552 752 bb
575 621 763 772 sorldidffidm
788 713 922 753 recusare
947 693 1095 771 simulque
1117 706 1147 754 et

193 785 296 846 anxius
311 797 341 846 et
355 786 485 846 intentus
496 806 589 864 agere.
627 789 698 846 Non
709 806 780 846 sane
795 787 866 847 alias
877 777 1171 866 excitatior'magisa

193 899 252 957 que
266 880 297 939 in
308 879 449 958 ambiguo
461 880 612 940 Britannia
626 881 693 940 fuit:
712 880 851 941 trucidati
860 881 997 956 veterani,
1008 882 1147 942 incensae

193 973 336 1046 coloniae,
363 973 514 1051 intersepti
538 973 697 1046 exercitus,
727 985 793 1042 tum,
820 976 858 1034 de
887 976 988 1048 salute,
1015 996 1084 1035 mox
1108 977 1148 1036 de

193 1067 314 1127 victoria
334 1079 489 1127 certavere.
535 1069 620 1143 Quae
642 1079 750 1139 cuncta
771 1069 825 1128 etsi
844 1069 975 1137 consiliis
995 1072 1172 1146 ductuque4

192 1161 310 1220 alterius
331 1161 500 1238 agebantur,
519 1181 555 1220 ac
577 1181 693 1220 summa
714 1181 811 1221 rerum
833 1174 862 1221 et
883 1163 1062 1239 reciperatae
1083 1183 1147 1239 pro-

192 1254 306 1315 vinciae
319 1255 411 1333 gloria
425 1255 456 1314 in
471 1257 581 1315 ducem
596 1255 692 1329 cessit,
709 1266 801 1315 artem
816 1269 846 1315 et
860 1276 947 1315 usum
965 1268 994 1316 et
1012 1256 1146 1316 stimulos

191 1349 333 1410 addidere
365 1349 472 1422 iuveni,
501 1349 678 1436 intravitque
710 1349 843 1409 animum
873 1349 1005 1410 militaris
1036 1350 1146 1427 gloriae
1176 1400 1177 1404 ,

191 1443 309 1520 cupido,
323 1443 435 1520 ingrata
450 1443 642 1520 temporibus,
654 1443 762 1520 quibus
774 1444 889 1503 sinistra
903 1464 970 1521 erga
981 1445 1146 1504 eminentes

191 1537 391 1614 interpretatio
409 1558 465 1622 nec
484 1538 583 1597 minus
601 1525 766 1616 periculum
785 1558 821 1598 ex
838 1557 945 1615 magna
962 1540 1146 1616 famaquam

187 1650 227 1690 ex
241 1632 324 1690 mala

190 1813 248 1866 His
264 1815 423 1886 marriage:
444 1814 593 1884 happiness
608 1812 730 1882 through
750 1815 863 1867 nautual
877 1815 1050 1868 concessions¹
1087 1813 1147 1867 Has

260 1896 357 1950 honest
370 1897 570 1966 quaestarshz'p,
583 1896 643 1950 and
652 1897 730 1966 quiet
743 1897 885 1950 tribunale
897 1895 959 1950 and
965 1895 1146 1967 praetorship

261 1981 352 2034 undar
371 1981 465 2046 Nero;
494 1979 598 2048 special
620 1981 796 2034 commasszbn
821 1981 912 2033 under
938 1980 1033 2034 Galba.
1072 1980 1144 2048 (nn.

260 2062 369 2130 63-68.)

230 2194 257 2256 6.
282 2195 365 2256 Hinc
379 2199 418 2258 ad
429 2199 630 2274 capessendos
642 2197 827 2276 magistratus
839 2197 869 2255 in
881 2198 985 2257 urbem
997 2195 1168 2274 digressusr

191 2291 355 2351 Domrtiam
379 2291 583 2364 Decidianam,
606 2291 771 2368 splendidis
793 2291 939 2350 natalibus
961 2301 1064 2364 ortam,
1088 2289 1145 2349 sibi

189 2384 298 2460 iunxit,
321 2384 413 2462 idque
435 2384 656 2450 matrimonium
679 2387 718 2445 ad
740 2384 852 2444 maiora
873 2384 978 2444 nitenti
997 2385 1088 2442 decus
1109 2403 1146 2442 ac

189 2479 279 2539 robur
303 2479 366 2538 luit.
416 2479 619 2556 Vixeruntque
645 2479 719 2537 mira
741 2478 908 2550 concordia,
933 2496 986 2554 per
1011 2488 1145 2535 mutuam

189 2573 340 2633 caritatem
358 2583 388 2632 et
404 2573 435 2631 in
449 2573 546 2634 vicem
561 2592 593 2632 se
609 2572 829 2649 anteponend0,
847 2570 903 2630 nisi
920 2571 1003 2648 quod
1020 2571 1050 2629 in
1066 2571 1146 2630 bona

189 2685 279 2726 uxore
300 2677 383 2726 tanto
403 2667 497 2726 maior
518 2667 589 2739 laus,
606 2676 718 2742 quanto
736 2666 767 2724 in
786 2667 864 2724 mala
882 2666 948 2742 plus
968 2666 1072 2740 culpae
1091 2675 1144 2723 est.

189 2762 258 2820 Sors
277 2771 451 2837 quaesturae
470 2759 653 2837 provinciam
671 2759 781 2832 Asiam,
798 2778 851 2835 pro
870 2759 993 2817 consule
1015 2757 1170 2816 Salviuma

189 2853 342 2914 Titianum
357 2853 448 2927 dedit,
461 2872 589 2930 quorum
602 2843 710 2912 neutro
725 2863 880 2928 corruptus
895 2862 946 2924 est,
963 2869 1144 2927 quamquam
1208 2841 1210 2844 ¹

189 2959 218 3008 et
239 2946 390 3025 provincia
409 2947 492 3008 dives
513 2967 548 3006 ac
567 2957 668 3024 parata
685 2945 887 3023 peccantibus,
903 2956 933 3004 et
950 2963 1004 3020 pro
1022 2946 1145 3003 consule

188 3039 220 3099 in
245 3060 367 3101 omnem
392 3041 562 3100 aviditatem
588 3059 700 3116 pronus
724 3038 909 3115 quantalibet
937 3036 1076 3096 facilitate
1105 3056 1146 3094 re-

189 3135 362 3212 demptums
380 3145 457 3194 esset
477 3144 611 3192 mutuam
626 3131 893 3193 dissimulationem
908 3131 986 3190 mali.
1030 3133 1169 3190 Auctuss

188 3239 233 3288 est
251 3228 293 3288 ibi
312 3227 379 3300 filia,
396 3227 426 3286 in
445 3226 612 3288 subsidium
632 3227 720 3286 simul
737 3214 767 3286 et
786 3225 945 3298 solacium;
966 3243 1035 3282 nam
1051 3223 1145 3282 filium

188 3333 258 3382 ante
278 3321 428 3382 sublatum
451 3321 533 3381 brevi
554 3319 659 3379 amisit.
705 3323 779 3399 Mox
803 3319 879 3378 inter
899 3329 1089 3395 quaesturam
1110 3336 1145 3376 ac

187 3415 370 3476 tribunatum
391 3413 486 3493 plebis
508 3425 598 3491 atque
618 3414 717 3491 ipsum
738 3413 827 3473 etiam
846 3412 1013 3472 tribunatus
1032 3430 1144 3470 annum
1200 3459 1204 3466 .

188 3507 288 3585 quiete
316 3520 346 3569 et
370 3509 433 3569 otio
458 3507 579 3580 transiit,
606 3527 713 3585 gnarus
738 3507 794 3566 sub
820 3508 941 3566 Nerone
966 3517 1142 3582 temporum,

188 3601 295 3678 quibus
313 3602 418 3662 inertia
435 3620 490 3679 pro
509 3599 653 3678 sapientia
671 3600 733 3659 suit.
778 3599 864 3658 Idem
878 3609 1031 3676 praeturae
1046 3609 1170 3685 rectora
