2738 4134
559 331 724 374 aomcom.
1082 333 1113 386 41

164 467 298 526 dendum
323 465 421 544 potius
442 486 532 542 quam
557 467 734 542 pellerentur
755 465 852 544 ignavi
873 465 972 544 speeie
992 469 1118 544 pruden-

164 560 239 620 tium
258 561 469 632 admonebant,
486 579 555 619 cum
572 559 689 620 interim
708 559 861 638 cognoscit
878 561 971 620 hostis
985 561 1118 637 pluribus

163 653 332 732 agminibus
353 653 522 733 irrupturos
565 657 612 714 Ac
631 674 669 714 ne
688 665 845 732 superante
864 674 989 715 numero
1008 666 1038 714 et
1056 669 1143 732 per-4

164 747 216 808 itia
239 750 374 809 locorum
395 748 604 821 circumiretur,
628 748 724 809 diviso
749 759 778 808 et
803 749 866 827 ipse
891 747 921 807 in
946 747 997 809 tris
1021 760 1118 827 partes

102 903 106 912 ,
164 843 294 903 exercitu
308 841 436 902 incessit.

269 1049 363 1102 Nintlz
377 1049 469 1119 logan
481 1049 612 1103 attached
619 1048 653 1118 by
665 1049 753 1120 night.
790 1049 927 1120 Agricola
938 1049 1019 1104 sends

367 1133 597 1202 reinforcaments.
635 1133 911 1203 Deseataan'tam.

205 1263 253 1326 26.
278 1266 371 1341 Quod
389 1266 441 1326 ubi
460 1266 612 1344 cognitum
630 1267 716 1340 hosti,
730 1277 844 1326 mutato
859 1277 980 1344 repente
994 1266 1142 1327 consili01

165 1361 293 1421 universi
321 1380 432 1420 nonam
459 1361 607 1436 legionem
633 1371 664 1420 ut
691 1361 817 1420 maxime
845 1361 1005 1421 invalidam
1030 1373 1119 1421 nocte

164 1455 304 1532 adgressi,
320 1455 397 1515 inter
416 1473 555 1514 somnum
573 1474 608 1514 ac
629 1454 857 1532 trepidationem
875 1455 968 1514 caesis
983 1453 1119 1532 vigilibus

164 1549 301 1625 irrupere.
359 1550 486 1624 Iamque
520 1547 552 1606 in
586 1547 657 1626 ipsis
689 1546 791 1608 castris
822 1549 1015 1626 pugnabatur,
1049 1567 1143 1612 cuma

165 1643 312 1720 Agricola,
329 1642 383 1702 iter
400 1641 531 1702 hostium
551 1643 591 1702 ab
610 1641 843 1719 exploratoribus
865 1644 990 1702 edoctus
1009 1653 1039 1702 et
1058 1661 1120 1702 ves-

165 1736 242 1814 tigiis
256 1737 415 1810 insecutus
432 1736 634 1796 velocissimos
654 1736 788 1813 equitum
808 1736 1120 1816 peditumque'adsul-

165 1841 227 1890 tare
255 1829 342 1908 tergis
371 1829 568 1908 pugnantium
596 1828 686 1903 iubet,
715 1850 784 1889 mox
811 1831 851 1890 ab
876 1830 1019 1890 universis
1041 1830 1119 1890 adici

165 1927 342 1998 clamorem,
363 1935 392 1984 et
406 1924 574 2003 propinqua
593 1925 660 1984 luce
680 1925 787 1984 fulsere
802 1924 892 2001 signa.
937 1925 985 1984 Ita
998 1922 1144 2001 ancipitis

166 2021 246 2079 malo
261 2019 351 2078 territi
367 2016 516 2091 Britanni;
538 2030 567 2078 et
583 2019 727 2078 Romanis
742 2017 829 2078 rediit
844 2018 961 2078 animus
975 2038 1010 2078 ac
1025 2017 1120 2078 securi

165 2133 220 2191 pro
234 2115 328 2173 salute
343 2115 381 2173 de
395 2113 488 2190 gloria
501 2114 661 2172 certabant
703 2115 791 2174 Ultro
806 2113 879 2189 quin
894 2112 984 2173 etiam
998 2133 1120 2190 erupere

165 2218 195 2268 et
215 2207 269 2266 suit
288 2218 372 2266 atrox
389 2207 419 2266 in
437 2207 508 2283 ipsis
525 2218 675 2284 portarum
693 2206 835 2284 angustiis
852 2203 1005 2284 proelium,
1023 2209 1120 2267 donec

166 2301 244 2381 pulsi
269 2302 378 2374 hostes,
408 2311 534 2378 utroque
561 2300 690 2361 exercitu
719 2311 858 2375 certante,
886 2301 931 2361 his
958 2312 991 2360 ut
1019 2301 1120 2361 tulisse

166 2416 264 2474 opem,
292 2396 348 2455 illis
376 2416 415 2455 ne
443 2395 558 2473 eguisse
586 2395 694 2454 auxilio
719 2395 895 2456 viderentur.
948 2396 1040 2470 Quod
1065 2393 1145 2456 nisit

166 2491 291 2569 paludes
323 2501 352 2549 et
385 2489 474 2550 silvae
505 2488 650 2566 fugientes
682 2490 831 2563 texissent,
861 2489 1043 2550 debellatum
1072 2487 1121 2548 illa

166 2583 289 2644 victoria
303 2585 386 2644 foret.

194 2792 313 2846 Greater
322 2790 463 2845 readiness
475 2807 581 2862 among
591 2787 636 2846 tha
648 2793 773 2846 Romans
776 2793 832 2862 sar
836 2791 955 2863 flerther
964 2791 1095 2846 advance.

452 2875 611 2948 Galhering
621 2875 707 2946 astae
719 2877 843 2930 Britom.
913 2935 914 2940 ἵ

207 3008 255 3070 27.
280 3008 373 3071 Cuius
401 3008 584 3070 conscientia
609 3030 644 3070 ac
671 3012 750 3071 sama
775 3012 856 3070 ferox
880 3009 1024 3070 exercitus
1049 3007 1145 3068 nihi11

167 3107 266 3169 virtuti
290 3127 360 3168 suae
382 3105 494 3166 invium
515 3119 544 3167 et
563 3109 776 3185 penetrandam
797 3108 993 3170 Caledoniam
1012 3106 1123 3166 inveni-

168 3203 342 3278 endumque
364 3203 486 3261 tandem
506 3201 677 3263 Britanniae
698 3201 858 3263 terminum
877 3201 1021 3262 continuo
1040 3220 1123 3279 proe-

167 3296 275 3356 liomm
303 3315 392 3355 cursu
420 3295 594 3356 fremebant.
651 3299 751 3373 Atque
783 3296 825 3355 illi
858 3297 949 3356 modo
977 3295 1057 3356 cauti
1087 3313 1146 3356 aea

167 3391 317 3468 sapientes
342 3390 471 3468 prompti
496 3401 564 3467 post
592 3403 731 3451 eventum
759 3411 795 3451 ac
823 3389 1005 3468 magniloqui
1029 3400 1120 3450 erant.

169 3485 362 3562 Iniquissima
376 3485 450 3544 haee
470 3484 616 3544 bellorum
631 3485 770 3545 condicio
785 3495 842 3544 est:
863 3476 1123 3563 prospera'omnes

168 3577 226 3640 sibi
240 3577 400 3652 vindicant,
417 3579 541 3638 adversa
554 3577 606 3638 uni
621 3579 811 3656 imputantur.
849 3581 888 3638 At
903 3578 1044 3652 Britanni,
1061 3597 1148 3647 nona
