2738 4134
558 326 722 370 ncnrcoun.
856 375 860 384 ¹
1081 332 1114 386 33

163 471 316 538 tamquam
331 481 367 520 ex
381 461 461 520 sacili
474 462 667 521 tolerantibus
683 461 870 539 imperentur.
909 463 1045 540 Singulos
1059 463 1140 528 sibia

163 555 235 614 olim
251 561 332 632 reges'
347 556 444 627 fuisse,
461 575 541 615 nunc
556 555 643 614 binos
661 554 782 632 imponi,
799 576 815 615 e
830 556 938 632 quibus
956 559 1068 634 legatus
1085 558 1114 617 in

164 647 346 725 sanguinem,
376 660 548 725 procurator
575 649 606 708 in
635 648 715 708 bona
743 649 873 709 saeviret.
927 652 1032 727 Aeque
1060 653 1117 711 dis-

85 751 88 755 ’
164 742 297 802 cordiam
312 743 554 820 praepositorum,
568 761 663 818 aeque
677 742 867 802 concordiam
882 743 1023 803 subiectis
1037 744 1116 804 exiti-

163 855 256 896 osam.
299 836 428 897 Alterius
448 855 570 895 manum
590 833 784 933 centurioneS,
801 837 918 896 alterius
940 857 1038 896 servos
1058 838 1140 928 virpa

164 930 407 999 etcontumelias
425 929 556 989 miscere.
601 929 683 1008 Nihil
705 929 764 987 iam
785 929 947 1006 cupiditati,
965 931 1037 990 nihil
1056 920 1122 990 libi-¹

164 1025 227 1084 dini
252 1035 417 1100 exceptum.
462 1025 498 1082 ln
524 1023 636 1100 proelio
659 1024 807 1082 fortiorem
833 1044 897 1083 esse
922 1025 973 1100 qui
998 1027 1117 1102 spoliet:

165 1138 245 1176 nunc
268 1117 338 1176 ab
331 1117 443 1194 ignavis
464 1119 639 1223 plerumque
664 1129 693 1176 et
715 1117 883 1194 imbellibus
906 1118 977 1194 eripi
1000 1119 1114 1201 domos

164 1190 301 1272 abstrahi
315 1211 454 1284 liberos,
447 1211 560 1316 iniungi
582 1211 715 1283 dilectus,
731 1223 884 1300 tamquam
906 1213 980 1271 mori
1002 1223 1117 1272 tantum

164 1327 219 1384 pro
253 1317 304 1383 pat
305 1305 347 1365 ria
381 1304 514 1365 nescient
503 1305 590 1364 tibus.
645 1287 830 1380 Quantulum
865 1306 962 1364 enim
980 1289 1142 1370 transisses

157 1399 300 1504 militum,
331 1399 365 1504 εἰ·
382 1419 449 1487 sese
477 1397 611 1458 Britanni
639 1401 812 1458 numerent?
867 1398 915 1458 Sic
940 1399 1118 1461 Germanias

166 1492 328 1553 excussisse
343 1493 458 1570 iugum:
480 1504 510 1552 et
524 1491 655 1564 flumine,
669 1512 729 1551 non
745 1494 868 1553 Oceano
883 1493 1011 1552 delendi
1056 1493 1142 1554 Sibio

165 1587 290 1666 patriam
318 1587 459 1664 coniuges
488 1597 630 1694 parentes,
656 1584 712 1645 illis
739 1587 889 1645 avaritiam
918 1597 948 1646 et
936 1586 1129 1646 tluxuriam

166 1700 269 1741 causas
298 1680 368 1740 belli
396 1699 468 1740 esse.
490 1679 706 1752 Recessuros,
732 1691 765 1738 ut
776 1671 878 1738 divus
907 1680 1000 1738 Iulius
1028 1699 1120 1738 reces-

166 1774 259 1847 sisset,
286 1776 378 1834 modo
405 1775 542 1834 virtutem
571 1773 716 1832 maiorum
745 1793 864 1832 suorum
893 1775 1075 1832 aemularent
1064 1783 1117 1832 t.ur
1164 1783 1167 1790 ’

167 1870 251 1929 Neve
268 1867 371 1946 proelii
392 1863 479 1927 unius
498 1879 548 1926 aut
565 1865 683 1926 alterius
700 1878 808 1926 eventu
827 1879 1031 1942 pavescerent:
1053 1869 1119 1943 plus

167 1963 295 2039 impetus
307 1961 434 2038 integris,
445 1960 587 2021 maiorem
599 1960 796 2020 constantiam
808 1980 899 2037 penes
912 1961 1033 2020 miseros
1045 1981 1117 2020 esse.

168 2059 234 2118 Iam
260 2055 468 2115 Britannorum
493 2054 582 2115 etiam
608 2057 681 2114 deos
707 2053 843 2128 misereri,
871 2045 925 2131 qui
947 2055 1144 2116 Romanumo

167 2153 276 2211 ducem
293 2150 399 2209 absent
388 2160 456 2222 tem,
473 2149 525 2226 qui
542 2149 650 2226 relegat
651 2169 702 2207 um
720 2147 750 2206 in
771 2147 828 2207 alia
845 2147 941 2207 insula
960 2148 1120 2208 exercitum

167 2243 370 2325 detinerent;
363 2263 422 2302 ram
433 2243 521 2319 ipsos,
533 2245 615 2318 quod
627 2241 832 2302 difficillimum
844 2242 937 2314 fuerit,
949 2242 1118 2302 deliberare.

147 2326 151 2334 ¹
167 2317 282 2398 Porro
275 2357 305 2395 m
323 2337 386 2396 eius
404 2336 487 2396 modi
504 2333 634 2395 consiliis
651 2335 844 2413 periculosius
858 2356 923 2396 esse
937 2335 1121 2412 deprehendi

117 2496 120 2501 ,
168 2451 258 2510 quam
273 2431 390 2490 audere.

104 2647 107 2652 ,
173 2611 229 2677 Ille
258 2611 406 2676 outbreak;
445 2611 593 2666 Paulinus’
625 2613 775 2666 harslzuess
805 2615 837 2666 ln
866 2613 1050 2684 suppresrzug
1077 2611 1123 2665 tlte

239 2694 377 2749 rebelltbn.
419 2695 606 2763 Turpilianus
631 2697 754 2750 succeeds
777 2695 844 2750 lu'tu.
883 2697 1072 2750 Goverumeut
1094 2695 1130 2764 of

243 2779 397 2833 Trebellius
414 2779 564 2832 Maximus
581 2781 642 2834 and
651 2781 794 2845 Bolanus‚·
813 2782 956 2834 muliuous
967 2780 1083 2833 conduct
1093 2779 1128 2848 os

239 2863 285 2916 tlte
296 2866 397 2932 troops
434 2862 503 2931 (Astu
520 2861 551 2916 61
555 2862 628 2930 -70)

211 2993 257 3055 16.
286 2997 344 3056 His
372 3007 461 3073 atque
489 2997 632 3056 talibus
625 3017 655 3056 m
679 2996 775 3057 vicem
803 2996 943 3070 instincti,
970 2995 1146 3058 Boudicca1

169 3073 284 3168 generis
298 3088 369 3168 regii
384 3091 495 3150 femina
509 3092 586 3151 duce
599 3089 712 3196 (neque
727 3091 806 3150 enim
825 3110 927 3150 sexum
945 3089 975 3149 in
992 3089 1122 3166 imperiis

170 3183 354 3262 discernunt)
379 3204 531 3262 sumpsere
556 3183 682 3244 universi
710 3183 836 3257 bellum,·
867 3204 902 3243 ac
926 3203 1043 3261 sparsos
1070 3203 1123 3260 per

170 3279 290 3338 castella
318 3277 426 3338 milites
451 3279 620 3368 consectati,
647 3277 820 3383 expungnatis
847 3276 1000 3354 praesidiis
1028 3279 1122 3355 ipsam

170 3372 344 3432 coloniam'
337 3392 469 3432 invasere
483 3382 516 3431 ut
533 3373 635 3432 sedem
654 3371 728 3431 servi
730 3370 807 3444 tutis,
824 3390 880 3429 nec
899 3370 1019 3430 ullum
1010 3391 1041 3430 m
1061 3371 1123 3430 bar-

171 3467 248 3526 baris
270 3465 360 3526 saevit
362 3465 422 3525 iae
411 3457 522 3570 genus
544 3465 642 3524 omisit
664 3465 706 3524 ira
727 3475 756 3524 et
776 3463 905 3524 victoria.
950 3467 1042 3540 Quod
1067 3463 1147 3523 nisit

172 3559 313 3623 Paulinus
334 3553 454 3637 cognito
470 3549 647 3638 provinciae
672 3568 756 3618 motu
780 3577 904 3643 propere
929 3559 1120 3631 subvenisset,

272 3651 368 3709 (1612)
1007 3649 1023 3691 e
